3260 5058
619 483 942 552 ...75-

214 667 423 749 perfectissimi
447 665 712 728 contradictionem
735 665 884 745 quandam
908 664 1078 738 involveret,
1102 671 1154 726 aut
1169 665 1339 726 eaminvol-

215 783 295 838 venet
317 777 413 856 quoad
437 775 584 836 realitates
607 793 683 853 quae
705 774 801 835 eidem
825 773 938 848 insunt,
962 781 1014 834 aut
1029 773 1126 853 quoad
1143 773 1266 853 gradum
1287 773 1338 853 qui

216 887 253 947 de
282 885 348 946 istis
378 885 523 959 sumitur,
570 883 820 964 quemadmodum
855 903 890 944 ex
920 883 1092 944 delinitione
1121 881 1213 944 claret
1235 887 1268 958 (9
1290 881 1336 958 6).

217 995 315 1067 Quare
337 971 430 1073 qrrcrm
460 1001 564 1054 neutro
587 993 675 1054 modo
705 992 969 1054 contradictionem
992 991 1120 1054 involvat
1142 1011 1196 1072 per
1217 992 1340 1054 demon·

217 1113 305 1166 strata
330 1123 394 1165 eam
417 1103 528 1164 nnllam
552 1121 675 1182 prorsus
697 1103 845 1164 involvere
871 1103 991 1164 evidens
1014 1112 1069 1164 est.
1115 1103 1200 1174 Quod
1223 1111 1339 1164 contra-

218 1215 374 1275 dictionem
399 1213 510 1273 nnllam
533 1211 652 1272 involvit
673 1210 815 1290 possibile
839 1220 884 1273 est
906 1208 1131 1289 (§850nt0l.),
1156 1213 1237 1273 notio
1250 1211 1340 1292 igitur

217 1324 293 1385 eritis
315 1322 534 1402 perfectissimi,
559 1329 778 1400 consequenter
800 1341 853 1382 ens
876 1321 1126 1402 perfectissimum
1148 1321 1247 1401 ipsum
1271 1339 1340 1400 pos-

215 1431 301 1493 sibile
324 1439 378 1492 est.
426 1429 529 1493 Dens
551 1438 611 1492 est
633 1449 700 1491 ens
723 1431 1065 1510 perfectissimum
1089 1429 1252 1492 scilicet
1274 1431 1339 1492 ab·

213 1541 346 1603 solute
370 1540 460 1601 tale.
507 1539 645 1601 Definitio
667 1539 804 1600 haecllei
825 1539 984 1600 nominalis
1008 1547 1062 1614 est,
1088 1541 1338 1620 quemadmodum

212 1670 245 1712 ea
269 1671 327 1731 qna
352 1652 382 1710 in
407 1657 565 1729 systemate
586 1658 686 1709 nostro
710 1649 755 1710 usi
779 1667 884 1709 sumus
906 1651 939 1724 (9
963 1646 1005 1710 67
1027 1649 1097 1710 Pars
1120 1650 1158 1724 Ι).
1192 1649 1335 1730 Ejusdem

213 1761 291 1822 enim
315 1759 392 1821 entis
415 1759 515 1839 plnres
538 1759 601 1820 dari
626 1766 751 1838 possunt
773 1759 961 1820 definitiones
983 1757 1149 1820 nominales
1172 1770 1204 1821 ut
1226 1779 1270 1820 ex.
1292 1777 1336 1838 gr.

214 1870 354 1930 diathesis
377 1869 473 1930 docet.
520 1868 667 1939 Quoniam
690 1869 769 1929 Deus
799 1887 852 1929 ens
876 1869 1126 1948 perfectissimum
1156 1877 1202 1930 est
1231 1867 1338 1946 (914)

162 1989 166 1996 ’
216 1998 269 2040 ens
291 1989 387 2040 autem
404 1977 653 2057 perfectissimum
671 1996 775 2038 omnes
792 1977 941 2039 realitates
957 1977 1182 2057 compossibiles
1199 1979 1229 2039 in
1246 1979 1338 2058 gradu

214 2087 350 2150 absolute
384 2107 501 2149 summo
535 2087 668 2148 continet
701 2091 734 2162 (9
758 2084 792 2162 li)
826 2089 928 2149 Deus
961 2087 1175 2150 realitates
1207 2107 1339 2149 omnes

213 2199 526 2278 compassibiles
557 2198 595 2258 in
626 2197 748 2278 gradu
772 2197 957 2258 absolute
987 2217 1133 2259 summo
1156 2197 1340 2260 continet

212 2328 278 2370 seu
302 2328 435 2370 omnes
459 2307 673 2368 realitates
696 2307 734 2368 in
756 2307 877 2386 gradu
900 2307 1084 2369 absolute
1107 2307 1339 2370 summolleo

212 2419 361 2480 insunt.
398 2419 550 2492 Similiter,
575 2418 644 2497 quia
669 2435 723 2476 ens
745 2417 995 2496 perfectissimum
1013 2436 1136 2497 prorsus
1159 2417 1337 2480 illimitatum

215 2535 260 2587 est
282 2532 314 2600 (9
336 2525 371 2601 7)
395 2545 450 2586 nee
472 2527 524 2586 ulli
549 2545 674 2606 prorsus
697 2526 727 2586 in
751 2527 854 2587 eodem
879 2527 987 2588 dantur
1009 2526 1118 2588 limites
1142 2525 1234 2603 (98),
1258 2527 1338 2588 Deus

216 2653 286 2694 vero
308 2653 361 2694 ens
382 2633 630 2713 perfectissimum
653 2644 698 2696 est
720 2640 752 2710 (9
777 2633 850 2711 14),
876 2635 976 2697 Deus
1006 2655 1173 2716 prorsus
1203 2635 1339 2696 illimi-

218 2750 324 2803 tatus
358 2751 416 2804 cst
449 2763 517 2804 nec
549 2743 621 2806 ulli
655 2763 821 2824 prorsus
855 2746 893 2806 in
927 2765 969 2807 eo
999 2746 1143 2807 dantur
1172 2745 1336 2807 limites.

217 2851 384 2932 Propositio
413 2853 485 2914 baec
513 2855 633 2914 maximi
664 2857 805 2918 momenti
829 2863 890 2930 est,
923 2875 1014 2936 quum
1038 2856 1125 2917 iaciat
1146 2855 1183 2916 ad
1206 2855 1299 2916 Deum
1322 2875 1338 2916 a

215 2961 306 3046 rebus
335 2961 440 3022 ceteris
470 2963 718 3038 discernendum,
754 2973 787 3026 ut
815 2965 915 3046 paullo
944 2973 1010 3044 post
1040 2965 1196 3026 constabit.
1246 2965 1338 3028 Porro

214 3091 383 3150 quomens
407 3074 655 3152 perfectissimum
678 3093 801 3153 prorsus
824 3075 1008 3136 immutabile
1032 3079 1064 3149 (§
1080 3073 1116 3150 9)
1140 3075 1218 3136 Deus
1240 3085 1337 3138 autem

215 3201 268 3242 ens
290 3183 538 3260 perfectissimum
569 3184 664 3260 sit(§
690 3181 744 3259 14)
775 3183 876 3245 Dens
906 3185 1042 3264 utique
1071 3203 1236 3264 prorsus
1269 3185 1339 3245 im-

215 3291 424 3352 mutabilis
447 3301 515 3353 est.
537 3293 638 3377 ¹Quod
662 3295 698 3354 de
721 3294 925 3374 propositione
948 3294 1142 3372 praecedente
1155 3293 1335 3368 monuimus,

215 3400 292 3461 idern
316 3421 434 3481 quoque
458 3403 494 3463 de
517 3411 673 3482 praesente
702 3405 877 3464 tenendum.
924 3404 1071 3475 Quoniam
1094 3403 1174 3466 neos
1196 3421 1249 3463 ens
1271 3422 1339 3482 per-

215 3509 407 3572 lectissimum
432 3518 464 3586 (9
490 3509 564 3587 14),
611 3531 665 3573 cns
697 3522 797 3574 autem
831 3513 1080 3594 perfectissimum
1115 3503 1262 3574 inlinitum
1294 3523 1339 3575 est

216 3618 346 3694 (911)),
381 3621 481 3682 Deus
511 3629 570 3682 est
600 3622 608 3682 i
619 3623 806 3684 nlinitus
852 3624 956 3685 Denuo
978 3625 1015 3686 ad
1038 3625 1255 3688 intinitndinem
1280 3634 1339 3687 tra-

215 3729 311 3790 henda
335 3738 418 3804 sunt,
443 3749 519 3810 quac
542 3731 578 3792 de
601 3733 731 3793 carentia
754 3733 882 3794 limitum
906 3735 1111 3797 annotavimus
1135 3743 1212 3814 (not.
1237 3733 1335 3810 916).

216 3837 379 3898 Retinenda
412 3847 510 3900 autem
545 3841 744 3903 infinitudinis
778 3843 930 3917 delinitio,
966 3863 1054 3923 quarn
1088 3847 1117 3905 in
1151 3845 1337 3925 philosophia

215 3947 310 4028 prima
334 3947 469 4010 dedimus
500 3947 759 4028 (9838011101.)
794 3961 824 4013 et
846 3971 934 4032 supra
971 3950 1083 4029 (§10)
1117 3952 1153 4013 ad
1188 3971 1241 4012 ens
1272 3971 1338 4032 per-

217 4055 410 4120 fectissimum
441 4058 709 4138 applicavimus⁴).
764 4061 841 4123 Sane
871 4062 973 4142 siper
999 4060 1219 4122 inlinitudinem
1243 4059 1337 4122 Deum

284 4232 313 4295 4)
332 4233 347 4296 S
366 4236 399 4284 10
417 4234 478 4282 hacc
495 4234 576 4284 verbu
593 4233 713 4297 legimus:
744 4237 878 4287 Enimvero
897 4251 941 4287 cns
960 4235 1022 4286 illud
1040 4235 1092 4286 int
1095 4235 1208 4287 initum
1229 4243 1279 4295 est,
1307 4237 1337 4288 in

217 4331 273 4381 quo
292 4317 395 4366 omnia
413 4317 509 4368 simul
526 4327 602 4370 sunt
619 4335 700 4384 quac
719 4321 819 4370 eidem
837 4328 910 4372 ectu
930 4321 1041 4371 inesse
1059 4329 1205 4386 possunt.
1244 4321 1337 4374 Contra

217 4399 425 4452 illimitatum
443 4410 482 4453 est
500 4405 528 4468 (9
546 4403 575 4467 4)
594 4419 653 4469 quo
672 4405 776 4469 majus
795 4405 924 4473 concipi
942 4406 1064 4472 nequit.
