3236 5076
710 467 792 476 m
847 427 894 498 gg
948 467 1032 477 -

307 608 454 671 tissimum
489 627 591 672 rerum
624 627 690 670 esse
719 617 749 672 et
778 609 807 671 in
838 629 870 670 ea
898 609 995 671 ideam
1025 609 1103 672 eutis
1133 613 1341 691 perfectissimi
1371 637 1432 680 non

306 721 459 781 confusam
494 729 607 781 tantum
641 720 694 782 sed
728 720 837 782 claram
872 719 1101 800 distinctumque
1135 723 1282 786 contineri
1316 727 1430 805 doceat,

306 849 381 910 quae
404 830 524 911 quidem
548 831 612 890 idea
637 849 691 891 nec
712 849 727 892 a
751 829 838 892 nobis
862 829 935 910 ipsis
965 847 1020 891 neo
1042 829 1079 890 ab
1101 830 1159 892 alio
1182 834 1313 912 quodam
1336 839 1431 901 efficta

306 959 373 1002 esse
395 949 491 1022 potest
520 941 573 1003 sed
603 941 727 1021 abipso
750 950 817 1002 ente
840 940 1056 1021 perfectissimo
1080 941 1167 1003 nubis
1189 945 1294 1006 tradita
1319 947 1358 1009 sit
1381 969 1431 1011 ne-

305 1069 389 1113 cesse
411 1060 466 1112 est.
513 1051 615 1129 ltoque
642 1050 869 1112 celeberrimum
900 1050 993 1112 illud:
1039 1051 1171 1130 cogito
1205 1071 1297 1135 ergo
1330 1077 1428 1134 sum,

306 1169 339 1222 ut
361 1171 439 1223 recte
459 1161 570 1222 dictum
588 1170 633 1222 est
648 1159 675 1236 ⁵)
701 1161 943 1242 principium
967 1163 1237 1242 cognoscendi
1260 1175 1305 1228 est
1326 1170 1431 1248 prin-

305 1273 451 1352 cipium
482 1271 642 1333 essendi
673 1279 772 1332 autern
802 1271 887 1352 ipse
917 1270 1029 1332 licus.
1075 1271 1188 1333 Deinde
1219 1275 1370 1338 Cartcsius
1392 1280 1430 1340 ad

305 1381 488 1462 probandam
510 1381 642 1461 ipsius
664 1382 730 1442 liei
753 1381 840 1462 cujus
862 1381 950 1442 uobis
973 1381 1036 1444 iden
1061 1381 1149 1442 insita
1172 1391 1217 1444 est
1238 1385 1428 1449 exsisten-

304 1492 397 1553 tiam
427 1491 617 1572 progreditur
638 1509 762 1570 nemque
785 1491 828 1552 sic
850 1492 1051 1566 demonstrat,
1088 1502 1125 1566 ut¹
1149 1492 1225 1572 quod
1254 1492 1331 1554 clare
1361 1496 1425 1558 dis·

304 1603 454 1684 tincteque
487 1603 522 1665 ad
556 1603 684 1684 alicujus
717 1603 759 1664 rei
794 1621 890 1666 vemm
925 1609 955 1664 et
983 1602 1255 1666 incommutabilem
1287 1611 1421 1666 naturam

304 1716 452 1796 pertinere
485 1714 684 1794 intelligamus
716 1713 746 1774 id
779 1732 836 1775 nos
868 1714 904 1774 de
934 1713 990 1774 bac
1019 1731 1051 1774 rc
1073 1731 1139 1774 vera
1169 1713 1315 1776 affirmare
1335 1732 1421 1793 posse

303 1828 416 1889 doceat.
463 1827 527 1886 fem
557 1845 626 1886 vero
649 1825 765 1886 etiamsi
795 1825 825 1886 in
848 1825 914 1886 aliis
944 1822 1084 1886 omnibus
1113 1823 1202 1886 rebus
1225 1824 1424 1886 exsistentiam

303 1935 340 1997 ab
363 1935 490 1996 essentia
514 1935 696 2014 distinguere
725 1934 835 1996 assueti
858 1933 971 2009 simus,
1006 1933 1085 1996 clarc
1102 1941 1212 1998 ¹tannen
1237 1942 1266 1996 et
1288 1935 1426 1996 distincte

303 2045 496 2124 intelligimus
526 2044 563 2104 ab
593 2043 721 2104 essentia
748 2043 801 2104 liei
831 2044 888 2104 boc
917 2051 962 2104 est
991 2043 1068 2104 entis
1095 2061 1210 2104 summe
1233 2044 1355 2124 perfecti
1378 2064 1427 2106 ex-

303 2155 486 2228 sistentiam,
533 2171 623 2214 noem
651 2153 768 2216 scilicet
789 2171 805 2213 e
829 2152 1061 2232 perfectionibus
1087 2153 1317 2232 inseparabilem
1348 2173 1424 2217 esse.

302 2265 380 2342 Ergo
413 2264 508 2324 Deum
549 2262 636 2342 cujus
676 2262 741 2323 idea
783 2261 870 2324 nobis
906 2262 1005 2324 innata
1039 2271 1069 2324 et
1101 2281 1117 2324 a
1151 2263 1338 2344 cogitationis
1372 2284 1426 2326 no-

302 2382 380 2434 strae
410 2381 514 2434 natura
549 2373 756 2453 inseparabilis
792 2380 838 2434 est
874 2391 905 2434 rc
942 2391 1008 2434 vera
1045 2373 1185 2434 exsistere
1222 2375 1424 2436 confitendum

302 2485 388 2545 nobis
411 2493 465 2546 est.
519 2485 589 2546 Tota
620 2484 710 2564 igitur
739 2483 905 2563 argumenti
932 2483 976 2545 ris
1005 2503 1040 2546 ex
1071 2483 1118 2544 bis
1145 2483 1263 2546 duobus
1295 2485 1421 2565 pendet:

300 2595 415 2676 primo,
450 2615 521 2656 num
546 2614 577 2658 re
608 2615 672 2657 rera
703 2595 800 2656 ideam
824 2595 901 2656 entis
930 2613 1046 2656 summe
1069 2594 1190 2674 perfecti
1213 2613 1289 2674 quae
1311 2602 1354 2656 cst
1376 2594 1423 2654 in-

286 2708 436 2768 tellectus
458 2707 582 2769 humani
614 2716 716 2768 natura
746 2707 825 2767 clare
847 2705 1046 2785 distincteque
1075 2705 1231 2784 concipere
1253 2689 1419 2786 possimus;

257 2874 259 2878 .
303 2828 363 2878 tum
397 2835 466 2878 vero
500 2835 592 2896 quum
626 2817 657 2876 in
690 2816 815 2895 reliquis
852 2815 991 2876 omnibus
1025 2815 1115 2876 rebus
1149 2815 1351 2882 exsistentiam
1383 2813 1421 2874 ab

300 2927 428 2987 essentia
458 2927 692 3006 distinguamus,
728 2927 788 2986 imo
818 2935 898 2986 certe
927 2925 1055 3004 aliquam
1087 2944 1149 2987 reru
1179 2924 1210 2986 iu
1237 2944 1291 2986 suo
1313 2943 1420 3004 genere

300 3036 544 3116 perfectissimam
575 3036 629 3096 etsi
654 3053 714 3097 nou
744 3035 865 3096 exsistat
893 3034 1071 3114 cogitatione
1097 3035 1249 3128 percipere
1271 3035 1420 3115 possimus

299 3165 371 3208 num
395 3147 488 3207 Deum
511 3147 606 3208 solum
637 3146 695 3207 boc
723 3153 769 3207 est
795 3165 849 3206 ens
879 3145 1128 3224 perfectissimum
1158 3145 1223 3206 sine
1249 3145 1418 3206 exsistentia

299 3259 382 3340 quasi
406 3257 525 3338 propria
558 3256 615 3337 ipsi
638 3256 818 3336 perfectione
841 3255 963 3334 cogitari
994 3275 1053 3316 uon
1077 3275 1165 3335 posse
1188 3275 1242 3336 pro
1265 3265 1345 3316 certo
1368 3254 1420 3316 ba-

299 3368 421 3429 beamus
486 3368 649 3446 Utrumque
678 3386 747 3428 vero
776 3365 989 3428 celeberrimus
1018 3365 1215 3446 philosophus
1245 3366 1324 3426 baud
1354 3365 1419 3426 sine

299 3479 357 3539 ulla
387 3479 572 3540 dubitatione
599 3477 771 3558 probavisse
808 3477 907 3557 itaque
936 3476 1067 3538 Arrsclmi
1097 3485 1305 3557 argumentum
1335 3495 1419 3556 saga·

296 3587 417 3648 cissime
450 3589 581 3668 profecto
614 3587 781 3648 excoluisse
814 3586 866 3648 sed
900 3585 982 3648 nullo
1015 3587 1105 3648 modo
1138 3587 1299 3668 perfecisse
1332 3585 1418 3648 nobis

297 3697 443 3758 ridetur..

298 3849 603 3860 --u—-no-a--ae--u--u--n-

365 3933 394 3996 u)
413 3931 446 3984 et.
468 3929 682 3982 Erdmunnus:
712 3893 826 3981 llistcrio
843 3929 1014 3998 pbilosopbiao
1032 3931 1182 3982 recentioris
1200 3931 1211 3982 l
1230 3934 1254 3982 l.
1275 3947 1300 3998 p.
1320 3931 1378 3982 201.

704 4205 755 4214 -
765 4207 1009 4214 --—-—--—-·---—·-
