<?xml version="1.0" encoding="UTF-8"?>
<!DOCTYPE html PUBLIC "-//W3C//DTD XHTML 1.0 Transitional//EN"
    "http://www.w3.org/TR/xhtml1/DTD/xhtml1-transitional.dtd">
<html xmlns="http://www.w3.org/1999/xhtml" xml:lang="en" lang="en">
 <head>
  <title>
</title>
<meta http-equiv="Content-Type" content="text/html;charset=utf-8" />
  <meta name='ocr-system' content='tesseract 3.04.00' />
  <meta name='ocr-capabilities' content='ocr_page ocr_carea ocr_par ocr_line ocrx_word'/>
</head>
<body>
  <div class='ocr_page' id='page_1' title='image "./deontologicopro00waltgoog_0094.png"; bbox 0 0 3260 5058; ppageno 0'>
   <div class='ocr_carea' id='block_1_1' title="bbox 627 445 949 516">
    <p class='ocr_par' dir='ltr' id='par_1_1' title="bbox 627 445 949 516">
     <span class='ocr_line' id='line_1_1' title="bbox 627 445 949 516; baseline 0 -22"><span class='ocrx_word' id='word_1_1' title='bbox 627 445 949 516; x_wconf 54' lang='lat' dir='ltr'>„gp-...-</span> 
     </span>
    </p>
   </div>
   <div class='ocr_carea' id='block_1_2' title="bbox 208 611 1350 3106">
    <p class='ocr_par' dir='ltr' id='par_1_2' title="bbox 208 611 1350 3106">
     <span class='ocr_line' id='line_1_2' title="bbox 226 611 1350 706; baseline 0 -18"><span class='ocrx_word' id='word_1_2' title='bbox 226 625 330 688; x_wconf 92' lang='lat' dir='ltr'>nihil</span> <span class='ocrx_word' id='word_1_3' title='bbox 363 632 421 690; x_wconf 89' lang='lat' dir='ltr'>est</span> <span class='ocrx_word' id='word_1_4' title='bbox 452 625 652 706; x_wconf 89' lang='lat' dir='ltr'>possibile</span> <span class='ocrx_word' id='word_1_5' title='bbox 684 631 716 692; x_wconf 91' lang='lat' dir='ltr'>et</span> <span class='ocrx_word' id='word_1_6' title='bbox 747 625 851 692; x_wconf 90' lang='lat' dir='ltr'>nihii</span> <span class='ocrx_word' id='word_1_7' title='bbox 884 632 947 690; x_wconf 84' lang='lat' dir='ltr'>eet</span> <span class='ocrx_word' id='word_1_8' title='bbox 975 611 1350 706; x_wconf 73' lang='lat' dir='ltr'>impassibilemque</span> 
     </span>
     <span class='ocr_line' id='line_1_3' title="bbox 225 734 1349 815; baseline 0 -19"><span class='ocrx_word' id='word_1_9' title='bbox 225 753 309 796; x_wconf 85' lang='lat' dir='ltr'>veras</span> <span class='ocrx_word' id='word_1_10' title='bbox 330 753 427 815; x_wconf 89' lang='lat' dir='ltr'>neque</span> <span class='ocrx_word' id='word_1_11' title='bbox 456 734 560 807; x_wconf 82' lang='lat' dir='ltr'>iaisas,</span> <span class='ocrx_word' id='word_1_12' title='bbox 595 753 676 796; x_wconf 89' lang='lat' dir='ltr'>mera</span> <span class='ocrx_word' id='word_1_13' title='bbox 709 734 849 796; x_wconf 80' lang='lat' dir='ltr'>vocabula</span> <span class='ocrx_word' id='word_1_14' title='bbox 880 735 945 797; x_wconf 89' lang='lat' dir='ltr'>sine</span> <span class='ocrx_word' id='word_1_15' title='bbox 975 735 1036 797; x_wconf 85' lang='lat' dir='ltr'>ulla</span> <span class='ocrx_word' id='word_1_16' title='bbox 1066 735 1293 815; x_wconf 76' lang='lat' dir='ltr'>significationis</span> <span class='ocrx_word' id='word_1_17' title='bbox 1321 735 1349 796; x_wconf 85' lang='lat' dir='ltr'>ri</span> 
     </span>
     <span class='ocr_line' id='line_1_4' title="bbox 227 843 1348 925; baseline 0 -19"><span class='ocrx_word' id='word_1_18' title='bbox 227 862 301 906; x_wconf 84' lang='lat' dir='ltr'>esse.</span> <span class='ocrx_word' id='word_1_19' title='bbox 348 844 406 916; x_wconf 90' lang='lat' dir='ltr'>Qui</span> <span class='ocrx_word' id='word_1_20' title='bbox 427 844 528 925; x_wconf 89' lang='lat' dir='ltr'>itaque</span> <span class='ocrx_word' id='word_1_21' title='bbox 549 844 776 924; x_wconf 74' lang='lat' dir='ltr'>praetenderet,</span> <span class='ocrx_word' id='word_1_22' title='bbox 800 861 833 908; x_wconf 89' lang='lat' dir='ltr'>se</span> <span class='ocrx_word' id='word_1_23' title='bbox 854 843 1087 925; x_wconf 84' lang='lat' dir='ltr'>possibilitatem</span> <span class='ocrx_word' id='word_1_24' title='bbox 1109 843 1195 906; x_wconf 91' lang='lat' dir='ltr'>nihili</span> <span class='ocrx_word' id='word_1_25' title='bbox 1218 843 1348 906; x_wconf 89' lang='lat' dir='ltr'>absoluti</span> 
     </span>
     <span class='ocr_line' id='line_1_5' title="bbox 226 952 1346 1034; baseline 0 -20"><span class='ocrx_word' id='word_1_26' title='bbox 226 952 272 1014; x_wconf 89' lang='lat' dir='ltr'>vei</span> <span class='ocrx_word' id='word_1_27' title='bbox 294 953 558 1015; x_wconf 87' lang='lat' dir='ltr'>non-exsistentiae</span> <span class='ocrx_word' id='word_1_28' title='bbox 588 952 653 1034; x_wconf 84' lang='lat' dir='ltr'>ejus</span> <span class='ocrx_word' id='word_1_29' title='bbox 681 953 760 1033; x_wconf 87' lang='lat' dir='ltr'>quod</span> <span class='ocrx_word' id='word_1_30' title='bbox 791 971 823 1014; x_wconf 90' lang='lat' dir='ltr'>re</span> <span class='ocrx_word' id='word_1_31' title='bbox 848 971 916 1014; x_wconf 89' lang='lat' dir='ltr'>vera</span> <span class='ocrx_word' id='word_1_32' title='bbox 945 953 1063 1016; x_wconf 78' lang='lat' dir='ltr'>exsistit</span> <span class='ocrx_word' id='word_1_33' title='bbox 1083 953 1346 1034; x_wconf 82' lang='lat' dir='ltr'>comprehendere,</span> 
     </span>
     <span class='ocr_line' id='line_1_6' title="bbox 208 1061 1349 1148; baseline -0.001 -24"><span class='ocrx_word' id='word_1_34' title='bbox 208 1062 345 1148; x_wconf 71' lang='lat' dir='ltr'>¹nuliam¹</span> <span class='ocrx_word' id='word_1_35' title='bbox 371 1062 421 1124; x_wconf 91' lang='lat' dir='ltr'>his</span> <span class='ocrx_word' id='word_1_36' title='bbox 453 1063 550 1124; x_wconf 89' lang='lat' dir='ltr'>verbis</span> <span class='ocrx_word' id='word_1_37' title='bbox 582 1061 769 1142; x_wconf 86' lang='lat' dir='ltr'>significandi</span> <span class='ocrx_word' id='word_1_38' title='bbox 801 1061 860 1123; x_wconf 82' lang='lat' dir='ltr'>aim</span> <span class='ocrx_word' id='word_1_39' title='bbox 897 1061 1046 1125; x_wconf 80' lang='lat' dir='ltr'><strong>tribueret</strong></span> <span class='ocrx_word' id='word_1_40' title='bbox 1077 1081 1133 1124; x_wconf 90' lang='lat' dir='ltr'>nec</span> <span class='ocrx_word' id='word_1_41' title='bbox 1164 1063 1227 1124; x_wconf 89' lang='lat' dir='ltr'>ulio</span> <span class='ocrx_word' id='word_1_42' title='bbox 1260 1061 1349 1124; x_wconf 86' lang='lat' dir='ltr'>modo</span> 
     </span>
     <span class='ocr_line' id='line_1_7' title="bbox 226 1171 1349 1251; baseline 0.002 -19"><span class='ocrx_word' id='word_1_43' title='bbox 226 1171 343 1234; x_wconf 84' lang='lat' dir='ltr'>veritati</span> <span class='ocrx_word' id='word_1_44' title='bbox 366 1171 445 1251; x_wconf 89' lang='lat' dir='ltr'>quod</span> <span class='ocrx_word' id='word_1_45' title='bbox 468 1182 513 1234; x_wconf 88' lang='lat' dir='ltr'>est</span> <span class='ocrx_word' id='word_1_46' title='bbox 541 1191 595 1234; x_wconf 91' lang='lat' dir='ltr'>ens</span> <span class='ocrx_word' id='word_1_47' title='bbox 624 1171 793 1233; x_wconf 89' lang='lat' dir='ltr'>necessario</span> <span class='ocrx_word' id='word_1_48' title='bbox 823 1171 969 1234; x_wconf 82' lang='lat' dir='ltr'>exsistens</span> <span class='ocrx_word' id='word_1_49' title='bbox 999 1177 1179 1234; x_wconf 88' lang='lat' dir='ltr'>occurreret.</span> <span class='ocrx_word' id='word_1_50' title='bbox 1226 1171 1258 1233; x_wconf 89' lang='lat' dir='ltr'>Si</span> <span class='ocrx_word' id='word_1_51' title='bbox 1281 1189 1349 1234; x_wconf 87' lang='lat' dir='ltr'>vera</span> 
     </span>
     <span class='ocr_line' id='line_1_8' title="bbox 226 1279 1348 1362; baseline 0.001 -21"><span class='ocrx_word' id='word_1_52' title='bbox 226 1279 317 1361; x_wconf 78' lang='lat' dir='ltr'>hujus</span> <span class='ocrx_word' id='word_1_53' title='bbox 339 1281 417 1342; x_wconf 90' lang='lat' dir='ltr'>entis</span> <span class='ocrx_word' id='word_1_54' title='bbox 446 1281 618 1343; x_wconf 82' lang='lat' dir='ltr'>exsistentia</span> <span class='ocrx_word' id='word_1_55' title='bbox 648 1281 825 1343; x_wconf 81' lang='lat' dir='ltr'>circuitione</span> <span class='ocrx_word' id='word_1_56' title='bbox 854 1281 980 1362; x_wconf 91' lang='lat' dir='ltr'>quadam</span> <span class='ocrx_word' id='word_1_57' title='bbox 1009 1281 1070 1343; x_wconf 87' lang='lat' dir='ltr'>sive</span> <span class='ocrx_word' id='word_1_58' title='bbox 1092 1287 1126 1343; x_wconf 89' lang='lat' dir='ltr'>ut</span> <span class='ocrx_word' id='word_1_59' title='bbox 1151 1280 1209 1342; x_wconf 90' lang='lat' dir='ltr'>diei</span> <span class='ocrx_word' id='word_1_60' title='bbox 1233 1279 1348 1343; x_wconf 81' lang='lat' dir='ltr'>soleta</span> 
     </span>
     <span class='ocr_line' id='line_1_9' title="bbox 225 1389 1350 1472; baseline 0 -20"><span class='ocrx_word' id='word_1_61' title='bbox 225 1389 447 1471; x_wconf 85' lang='lat' dir='ltr'>posteriori</span> <span class='ocrx_word' id='word_1_62' title='bbox 469 1389 631 1472; x_wconf 83' lang='lat' dir='ltr'>probatur,</span> <span class='ocrx_word' id='word_1_63' title='bbox 666 1391 740 1454; x_wconf 90' lang='lat' dir='ltr'>haec</span> <span class='ocrx_word' id='word_1_64' title='bbox 762 1389 975 1452; x_wconf 78' lang='lat' dir='ltr'>demonstratio</span> <span class='ocrx_word' id='word_1_65' title='bbox 997 1409 1091 1471; x_wconf 90' lang='lat' dir='ltr'>aeque</span> <span class='ocrx_word' id='word_1_66' title='bbox 1113 1389 1280 1454; x_wconf 87' lang='lat' dir='ltr'>indubitata</span> <span class='ocrx_word' id='word_1_67' title='bbox 1303 1393 1350 1453; x_wconf 90' lang='lat' dir='ltr'>est</span> 
     </span>
     <span class='ocr_line' id='line_1_10' title="bbox 224 1499 1345 1580; baseline -0.003 -16"><span class='ocrx_word' id='word_1_68' title='bbox 224 1502 306 1564; x_wconf 89' lang='lat' dir='ltr'>acsi</span> <span class='ocrx_word' id='word_1_69' title='bbox 329 1501 442 1562; x_wconf 89' lang='lat' dir='ltr'>directo</span> <span class='ocrx_word' id='word_1_70' title='bbox 465 1501 526 1562; x_wconf 88' lang='lat' dir='ltr'>sive</span> <span class='ocrx_word' id='word_1_71' title='bbox 548 1519 564 1562; x_wconf 91' lang='lat' dir='ltr'>a</span> <span class='ocrx_word' id='word_1_72' title='bbox 586 1499 715 1580; x_wconf 83' lang='lat' dir='ltr'>priori</span> <span class='ocrx_word' id='word_1_73' title='bbox 738 1499 862 1579; x_wconf 87' lang='lat' dir='ltr'>probata</span> <span class='ocrx_word' id='word_1_74' title='bbox 885 1506 975 1562; x_wconf 91' lang='lat' dir='ltr'>esset.</span> <span class='ocrx_word' id='word_1_75' title='bbox 1021 1499 1148 1562; x_wconf 80' lang='lat' dir='ltr'>Exsistit</span> <span class='ocrx_word' id='word_1_76' title='bbox 1167 1499 1260 1579; x_wconf 77' lang='lat' dir='ltr'>igitur</span> <span class='ocrx_word' id='word_1_77' title='bbox 1281 1517 1345 1574; x_wconf 79' lang='lat' dir='ltr'>cns,</span> 
     </span>
     <span class='ocr_line' id='line_1_11' title="bbox 225 1606 1349 1692; baseline -0.002 -20"><span class='ocrx_word' id='word_1_78' title='bbox 225 1611 309 1692; x_wconf 88' lang='lat' dir='ltr'>cujus</span> <span class='ocrx_word' id='word_1_79' title='bbox 332 1609 579 1671; x_wconf 87' lang='lat' dir='ltr'>non-exsistentia</span> <span class='ocrx_word' id='word_1_80' title='bbox 603 1607 871 1669; x_wconf 83' lang='lat' dir='ltr'>contradictionem</span> <span class='ocrx_word' id='word_1_81' title='bbox 894 1606 1026 1682; x_wconf 80' lang='lat' dir='ltr'>invoivit,</span> <span class='ocrx_word' id='word_1_82' title='bbox 1050 1607 1108 1668; x_wconf 83' lang='lat' dir='ltr'>etei</span> <span class='ocrx_word' id='word_1_83' title='bbox 1130 1625 1193 1668; x_wconf 69' lang='lat' dir='ltr'>mm</span> <span class='ocrx_word' id='word_1_84' title='bbox 1216 1608 1349 1670; x_wconf 87' lang='lat' dir='ltr'>animad-</span> 
     </span>
     <span class='ocr_line' id='line_1_12' title="bbox 225 1715 1349 1796; baseline -0.004 -15"><span class='ocrx_word' id='word_1_85' title='bbox 225 1727 341 1781; x_wconf 83' lang='lat' dir='ltr'>vertero</span> <span class='ocrx_word' id='word_1_86' title='bbox 371 1717 416 1779; x_wconf 80' lang='lat' dir='ltr'>vel</span> <span class='ocrx_word' id='word_1_87' title='bbox 439 1717 553 1778; x_wconf 90' lang='lat' dir='ltr'>directo</span> <span class='ocrx_word' id='word_1_88' title='bbox 582 1716 745 1796; x_wconf 79' lang='lat' dir='ltr'>agnoscere</span> <span class='ocrx_word' id='word_1_89' title='bbox 775 1735 834 1777; x_wconf 93' lang='lat' dir='ltr'>uon</span> <span class='ocrx_word' id='word_1_90' title='bbox 864 1716 1025 1796; x_wconf 87' lang='lat' dir='ltr'>possimus.</span> <span class='ocrx_word' id='word_1_91' title='bbox 1071 1715 1133 1776; x_wconf 91' lang='lat' dir='ltr'>Nec</span> <span class='ocrx_word' id='word_1_92' title='bbox 1161 1715 1255 1776; x_wconf 85' lang='lat' dir='ltr'>ullum</span> <span class='ocrx_word' id='word_1_93' title='bbox 1278 1715 1349 1778; x_wconf 91' lang='lat' dir='ltr'>huic</span> 
     </span>
     <span class='ocr_line' id='line_1_13' title="bbox 226 1824 1348 1905; baseline 0 -18"><span class='ocrx_word' id='word_1_94' title='bbox 226 1826 343 1889; x_wconf 86' lang='lat' dir='ltr'>veritati</span> <span class='ocrx_word' id='word_1_95' title='bbox 372 1825 583 1887; x_wconf 87' lang='lat' dir='ltr'>detrimentum</span> <span class='ocrx_word' id='word_1_96' title='bbox 612 1825 718 1886; x_wconf 86' lang='lat' dir='ltr'>aiierre</span> <span class='ocrx_word' id='word_1_97' title='bbox 746 1831 862 1905; x_wconf 80' lang='lat' dir='ltr'>potest,</span> <span class='ocrx_word' id='word_1_98' title='bbox 897 1824 977 1905; x_wconf 89' lang='lat' dir='ltr'>quod</span> <span class='ocrx_word' id='word_1_99' title='bbox 1007 1841 1072 1885; x_wconf 91' lang='lat' dir='ltr'>eam</span> <span class='ocrx_word' id='word_1_100' title='bbox 1095 1824 1348 1904; x_wconf 86' lang='lat' dir='ltr'>comprehendere</span> 
     </span>
     <span class='ocr_line' id='line_1_14' title="bbox 227 1933 1348 2014; baseline -0.001 -17"><span class='ocrx_word' id='word_1_101' title='bbox 227 1953 287 1997; x_wconf 95' lang='lat' dir='ltr'>non</span> <span class='ocrx_word' id='word_1_102' title='bbox 312 1935 475 2009; x_wconf 81' lang='lat' dir='ltr'>ualeamus3</span> <span class='ocrx_word' id='word_1_103' title='bbox 509 1935 615 1996; x_wconf 88' lang='lat' dir='ltr'>veritas</span> <span class='ocrx_word' id='word_1_104' title='bbox 638 1934 836 2013; x_wconf 82' lang='lat' dir='ltr'>experientiae</span> <span class='ocrx_word' id='word_1_105' title='bbox 857 1939 905 1996; x_wconf 91' lang='lat' dir='ltr'>est</span> <span class='ocrx_word' id='word_1_106' title='bbox 925 1951 1019 2014; x_wconf 91' lang='lat' dir='ltr'>aeque</span> <span class='ocrx_word' id='word_1_107' title='bbox 1041 1951 1076 1996; x_wconf 88' lang='lat' dir='ltr'>ac</span> <span class='ocrx_word' id='word_1_108' title='bbox 1097 1933 1206 1995; x_wconf 67' lang='lat' dir='ltr'>varias</span> <span class='ocrx_word' id='word_1_109' title='bbox 1228 1940 1348 1996; x_wconf 77' lang='lat' dir='ltr'>noemae</span> 
     </span>
     <span class='ocr_line' id='line_1_15' title="bbox 226 2043 1346 2126; baseline -0.002 -19"><span class='ocrx_word' id='word_1_110' title='bbox 226 2046 320 2126; x_wconf 90' lang='lat' dir='ltr'>ipsius</span> <span class='ocrx_word' id='word_1_111' title='bbox 343 2043 550 2119; x_wconf 85' lang='lat' dir='ltr'>exsistentiae,</span> <span class='ocrx_word' id='word_1_112' title='bbox 588 2063 679 2124; x_wconf 83' lang='lat' dir='ltr'>quam</span> <span class='ocrx_word' id='word_1_113' title='bbox 701 2044 840 2106; x_wconf 85' lang='lat' dir='ltr'>similiter</span> <span class='ocrx_word' id='word_1_114' title='bbox 866 2063 926 2106; x_wconf 90' lang='lat' dir='ltr'>non</span> <span class='ocrx_word' id='word_1_115' title='bbox 953 2043 1205 2124; x_wconf 90' lang='lat' dir='ltr'>comprehendere</span> <span class='ocrx_word' id='word_1_116' title='bbox 1227 2043 1346 2125; x_wconf 90' lang='lat' dir='ltr'>quidem</span> 
     </span>
     <span class='ocr_line' id='line_1_16' title="bbox 225 2143 1253 2238; baseline -0.002 -20"><span class='ocrx_word' id='word_1_117' title='bbox 225 2173 322 2238; x_wconf 88' lang='lat' dir='ltr'>neque</span> <span class='ocrx_word' id='word_1_118' title='bbox 342 2159 443 2216; x_wconf 87' lang='lat' dir='ltr'>tamen</span> <span class='ocrx_word' id='word_1_119' title='bbox 467 2153 528 2217; x_wconf 92' lang='lat' dir='ltr'>ullo</span> <span class='ocrx_word' id='word_1_120' title='bbox 551 2155 640 2217; x_wconf 91' lang='lat' dir='ltr'>modo</span> <span class='ocrx_word' id='word_1_121' title='bbox 662 2155 693 2216; x_wconf 94' lang='lat' dir='ltr'>in</span> <span class='ocrx_word' id='word_1_122' title='bbox 717 2153 841 2217; x_wconf 89' lang='lat' dir='ltr'>dubium</span> <span class='ocrx_word' id='word_1_123' title='bbox 863 2172 968 2216; x_wconf 85' lang='lat' dir='ltr'>vocare</span> <span class='ocrx_word' id='word_1_124' title='bbox 989 2171 1160 2235; x_wconf 84' lang='lat' dir='ltr'>possumus.</span> <span class='ocrx_word' id='word_1_125' title='bbox 1222 2143 1225 2149; x_wconf 65' lang='grc'><strong>’</strong></span> <span class='ocrx_word' id='word_1_126' title='bbox 1251 2163 1253 2170; x_wconf 83' lang='grc'><em>’</em></span> 
     </span>
     <span class='ocr_line' id='line_1_17' title="bbox 309 2262 1347 2346; baseline 0 -20"><span class='ocrx_word' id='word_1_127' title='bbox 309 2265 496 2327; x_wconf 86' lang='lat' dir='ltr'>Praeclarum</span> <span class='ocrx_word' id='word_1_128' title='bbox 530 2283 601 2327; x_wconf 88' lang='lat' dir='ltr'>sane</span> <span class='ocrx_word' id='word_1_129' title='bbox 634 2269 681 2327; x_wconf 91' lang='lat' dir='ltr'>est</span> <span class='ocrx_word' id='word_1_130' title='bbox 712 2283 855 2340; x_wconf 88' lang='lat' dir='ltr'>acumen,</span> <span class='ocrx_word' id='word_1_131' title='bbox 890 2283 949 2346; x_wconf 87' lang='lat' dir='ltr'>quo</span> <span class='ocrx_word' id='word_1_132' title='bbox 978 2263 1028 2327; x_wconf 85' lang='lat' dir='ltr'>hic</span> <span class='ocrx_word' id='word_1_133' title='bbox 1057 2269 1162 2327; x_wconf 89' lang='lat' dir='ltr'>auctor</span> <span class='ocrx_word' id='word_1_134' title='bbox 1187 2262 1347 2346; x_wconf 88' lang='lat' dir='ltr'>praecipuo</span> 
     </span>
     <span class='ocr_line' id='line_1_18' title="bbox 224 2369 1346 2455; baseline 0 -19"><span class='ocrx_word' id='word_1_135' title='bbox 224 2369 303 2436; x_wconf 89' lang='lat' dir='ltr'>entis</span> <span class='ocrx_word' id='word_1_136' title='bbox 325 2375 438 2436; x_wconf 85' lang='lat' dir='ltr'>aeterni</span> <span class='ocrx_word' id='word_1_137' title='bbox 460 2374 612 2437; x_wconf 88' lang='lat' dir='ltr'>notionem</span> <span class='ocrx_word' id='word_1_138' title='bbox 635 2375 799 2455; x_wconf 86' lang='lat' dir='ltr'>explicavit</span> <span class='ocrx_word' id='word_1_139' title='bbox 845 2373 1057 2436; x_wconf 85' lang='lat' dir='ltr'>Exsistentiam</span> <span class='ocrx_word' id='word_1_140' title='bbox 1074 2392 1142 2436; x_wconf 83' lang='lat' dir='ltr'>vero</span> <span class='ocrx_word' id='word_1_141' title='bbox 1158 2373 1249 2454; x_wconf 87' lang='lat' dir='ltr'>hujus</span> <span class='ocrx_word' id='word_1_142' title='bbox 1268 2373 1346 2436; x_wconf 88' lang='lat' dir='ltr'>entis</span> 
     </span>
     <span class='ocr_line' id='line_1_19' title="bbox 225 2481 1347 2562; baseline -0.001 -18"><span class='ocrx_word' id='word_1_143' title='bbox 225 2490 259 2544; x_wconf 89' lang='lat' dir='ltr'>ut</span> <span class='ocrx_word' id='word_1_144' title='bbox 280 2483 320 2543; x_wconf 89' lang='lat' dir='ltr'>ita</span> <span class='ocrx_word' id='word_1_145' title='bbox 342 2482 500 2560; x_wconf 90' lang='lat' dir='ltr'>loquamur</span> <span class='ocrx_word' id='word_1_146' title='bbox 528 2482 637 2544; x_wconf 86' lang='lat' dir='ltr'>realem</span> <span class='ocrx_word' id='word_1_147' title='bbox 666 2483 750 2543; x_wconf 88' lang='lat' dir='ltr'>nulio</span> <span class='ocrx_word' id='word_1_148' title='bbox 779 2481 869 2542; x_wconf 93' lang='lat' dir='ltr'>modo</span> <span class='ocrx_word' id='word_1_149' title='bbox 896 2482 1042 2562; x_wconf 84' lang='lat' dir='ltr'>probavit.</span> <span class='ocrx_word' id='word_1_150' title='bbox 1088 2481 1151 2559; x_wconf 85' lang='lat' dir='ltr'>Hoc</span> <span class='ocrx_word' id='word_1_151' title='bbox 1172 2499 1285 2557; x_wconf 89' lang='lat' dir='ltr'>unum,</span> <span class='ocrx_word' id='word_1_152' title='bbox 1320 2483 1347 2543; x_wconf 87' lang='lat' dir='ltr'>si</span> 
     </span>
     <span class='ocr_line' id='line_1_20' title="bbox 226 2587 1345 2666; baseline 0.002 -17"><span class='ocrx_word' id='word_1_153' title='bbox 226 2589 405 2650; x_wconf 87' lang='lat' dir='ltr'>sententiam</span> <span class='ocrx_word' id='word_1_154' title='bbox 427 2595 561 2648; x_wconf 89' lang='lat' dir='ltr'>nostram</span> <span class='ocrx_word' id='word_1_155' title='bbox 583 2606 688 2666; x_wconf 83' lang='lat' dir='ltr'>rogare</span> <span class='ocrx_word' id='word_1_156' title='bbox 710 2589 859 2662; x_wconf 77' lang='lat' dir='ltr'>puseolis,</span> <span class='ocrx_word' id='word_1_157' title='bbox 883 2589 920 2648; x_wconf 93' lang='lat' dir='ltr'>ad</span> <span class='ocrx_word' id='word_1_158' title='bbox 932 2587 1126 2649; x_wconf 86' lang='lat' dir='ltr'>excolendum</span> <span class='ocrx_word' id='word_1_159' title='bbox 1138 2595 1345 2666; x_wconf 81' lang='lat' dir='ltr'>argumentum</span> 
     </span>
     <span class='ocr_line' id='line_1_21' title="bbox 226 2694 1347 2776; baseline 0.002 -19"><span class='ocrx_word' id='word_1_160' title='bbox 226 2695 427 2774; x_wconf 80' lang='lat' dir='ltr'>ontologieum</span> <span class='ocrx_word' id='word_1_161' title='bbox 450 2695 612 2756; x_wconf 90' lang='lat' dir='ltr'>contulisse</span> <span class='ocrx_word' id='word_1_162' title='bbox 633 2694 769 2770; x_wconf 84' lang='lat' dir='ltr'>videtur,</span> <span class='ocrx_word' id='word_1_163' title='bbox 804 2694 884 2776; x_wconf 85' lang='lat' dir='ltr'>quod</span> <span class='ocrx_word' id='word_1_164' title='bbox 914 2694 1104 2776; x_wconf 80' lang='lat' dir='ltr'>sagacissime</span> <span class='ocrx_word' id='word_1_165' title='bbox 1133 2697 1266 2775; x_wconf 86' lang='lat' dir='ltr'>proiecto</span> <span class='ocrx_word' id='word_1_166' title='bbox 1296 2698 1347 2759; x_wconf 92' lang='lat' dir='ltr'>dc-</span> 
     </span>
     <span class='ocr_line' id='line_1_22' title="bbox 226 2803 1346 2884; baseline 0.001 -18"><span class='ocrx_word' id='word_1_167' title='bbox 226 2805 416 2880; x_wconf 90' lang='lat' dir='ltr'>monstravit‚</span> <span class='ocrx_word' id='word_1_168' title='bbox 451 2803 526 2866; x_wconf 90' lang='lat' dir='ltr'>meri</span> <span class='ocrx_word' id='word_1_169' title='bbox 548 2803 635 2865; x_wconf 86' lang='lat' dir='ltr'>nihili</span> <span class='ocrx_word' id='word_1_170' title='bbox 657 2803 753 2866; x_wconf 88' lang='lat' dir='ltr'>ideam</span> <span class='ocrx_word' id='word_1_171' title='bbox 776 2823 793 2866; x_wconf 85' lang='lat' dir='ltr'>a</span> <span class='ocrx_word' id='word_1_172' title='bbox 816 2803 903 2866; x_wconf 90' lang='lat' dir='ltr'>nobis</span> <span class='ocrx_word' id='word_1_173' title='bbox 926 2823 959 2867; x_wconf 90' lang='lat' dir='ltr'>re</span> <span class='ocrx_word' id='word_1_174' title='bbox 980 2823 1048 2866; x_wconf 87' lang='lat' dir='ltr'>vera</span> <span class='ocrx_word' id='word_1_175' title='bbox 1070 2803 1212 2884; x_wconf 77' lang='lat' dir='ltr'>cogitari,</span> <span class='ocrx_word' id='word_1_176' title='bbox 1247 2813 1298 2867; x_wconf 88' lang='lat' dir='ltr'>aut</span> <span class='ocrx_word' id='word_1_177' title='bbox 1320 2807 1346 2867; x_wconf 90' lang='lat' dir='ltr'>si</span> 
     </span>
     <span class='ocr_line' id='line_1_23' title="bbox 224 2913 1345 2996; baseline 0.001 -21"><span class='ocrx_word' id='word_1_178' title='bbox 224 2915 317 2976; x_wconf 86' lang='lat' dir='ltr'>mavis</span> <span class='ocrx_word' id='word_1_179' title='bbox 339 2913 550 2996; x_wconf 86' lang='lat' dir='ltr'>comprehendi</span> <span class='ocrx_word' id='word_1_180' title='bbox 580 2931 641 2976; x_wconf 91' lang='lat' dir='ltr'>non</span> <span class='ocrx_word' id='word_1_181' title='bbox 671 2932 777 2996; x_wconf 84' lang='lat' dir='ltr'>posse,</span> <span class='ocrx_word' id='word_1_182' title='bbox 812 2913 841 2976; x_wconf 85' lang='lat' dir='ltr'>id</span> <span class='ocrx_word' id='word_1_183' title='bbox 872 2915 952 2995; x_wconf 90' lang='lat' dir='ltr'>quod</span> <span class='ocrx_word' id='word_1_184' title='bbox 981 2914 1101 2976; x_wconf 86' lang='lat' dir='ltr'>maximi</span> <span class='ocrx_word' id='word_1_185' title='bbox 1131 2913 1252 2995; x_wconf 90' lang='lat' dir='ltr'>quidem</span> <span class='ocrx_word' id='word_1_186' title='bbox 1281 2933 1345 2977; x_wconf 91' lang='lat' dir='ltr'>mo·</span> 
     </span>
     <span class='ocr_line' id='line_1_24' title="bbox 224 3023 1284 3106; baseline 0.001 -20"><span class='ocrx_word' id='word_1_187' title='bbox 224 3025 316 3086; x_wconf 91' lang='lat' dir='ltr'>menti</span> <span class='ocrx_word' id='word_1_188' title='bbox 338 3031 393 3102; x_wconf 89' lang='lat' dir='ltr'>est,</span> <span class='ocrx_word' id='word_1_189' title='bbox 418 3025 471 3087; x_wconf 90' lang='lat' dir='ltr'>sed</span> <span class='ocrx_word' id='word_1_190' title='bbox 493 3043 590 3088; x_wconf 86' lang='lat' dir='ltr'>veram</span> <span class='ocrx_word' id='word_1_191' title='bbox 613 3023 667 3088; x_wconf 85' lang='lat' dir='ltr'>Dei</span> <span class='ocrx_word' id='word_1_192' title='bbox 689 3024 892 3088; x_wconf 85' lang='lat' dir='ltr'>exsistentiam</span> <span class='ocrx_word' id='word_1_193' title='bbox 913 3023 1040 3106; x_wconf 84' lang='lat' dir='ltr'>probare</span> <span class='ocrx_word' id='word_1_194' title='bbox 1062 3024 1142 3087; x_wconf 85' lang='lat' dir='ltr'>haud</span> <span class='ocrx_word' id='word_1_195' title='bbox 1164 3025 1284 3087; x_wconf 82' lang='lat' dir='ltr'>sufficit.</span> 
     </span>
    </p>
   </div>
   <div class='ocr_carea' id='block_1_3' title="bbox 0 0 1634 5058">
    <p class='ocr_par' dir='ltr' id='par_1_3' title="bbox 0 0 1634 5058">
     <span class='ocr_line' id='line_1_25' title="bbox 0 0 1634 5058; baseline 0 0"><span class='ocrx_word' id='word_1_196' title='bbox 0 0 1634 5058; x_wconf 95' lang='lat' dir='ltr'> </span> 
     </span>
    </p>
   </div>
  </div>
 </body>
</html>
