3272 5054
695 491 779 502 —-
835 453 906 522 108
959 489 1043 501 —-

308 634 393 714 quusi
417 634 570 697 redactum
592 651 659 697 esse
681 634 739 697 dici
764 635 885 714 nequit;
921 632 1069 714 ejusmodi
1099 632 1176 694 dicta
1206 630 1327 712 obliqua
1349 639 1431 694 suot.

309 743 487 826 Goojrrnotio
512 745 611 824 potius
633 745 672 806 ita
695 745 865 825 accipienda
888 753 950 819 εει,
986 753 1019 806 ut
1047 744 1104 806 hae
1133 743 1209 804 dnae
1238 742 1328 805 etiam
1357 759 1434 822 quae

309 855 339 916 in
362 873 395 915 ea
419 854 611 917 continentur
633 863 732 934 partes
754 855 833 916 inter
855 873 887 916 se
910 855 1144 934 distinguantur,
1167 853 1233 933 ipsa
1254 871 1323 914 vero
1345 852 1435 914 ahso-

309 964 391 1026 lutus
414 983 446 1026 se
469 964 500 1026 in
525 971 701 1046 perpetuum
725 965 908 1044 producendi
932 973 1016 1026 actus
1028 964 1077 1026 sit.
1112 963 1267 1044 Proposita
1287 962 1434 1024 hionohis

306 1083 356 1136 εει
387 1082 526 1136 concreta
560 1074 642 1136 notio
666 1075 732 1137 llei
766 1075 928 1145 mentis,
963 1074 1046 1136 notio
1079 1082 1180 1135 autem
1212 1073 1357 1135 mentis
1390 1085 1436 1135 εει

311 1185 517 1264 perceptio
561 1204 659 1264 quae
702 1203 719 1246 a
763 1193 878 1246 seet
911 1203 979 1264 per
1011 1203 1051 1247 se
1083 1183 1248 1246 exsistit
1280 1183 1342 1244 sire
1375 1183 1436 1244 in·

310 1295 520 1367 tellectus,
545 1295 619 1356 haec
640 1295 754 1356 infinita
778 1295 928 1375 perceptio
950 1301 997 1356 est
1018 1294 1093 1356 ratio
1115 1294 1152 1355 ad
1175 1313 1208 1354 se
1229 1293 1335 1373 ipsam,
1359 1311 1434 1373 quae

306 1403 400 1466 simul
423 1413 565 1482 negatum
600 1406 659 1466 hoc
679 1411 778 1466 autem
809 1405 907 1485 posito
937 1405 1039 1467 eadem
1069 1403 1131 1484 ipsa
1154 1403 1264 1464 mentis
1287 1403 1431 1482 perceptio

311 1533 345 1576 sc
366 1513 549 1596 dijudicandi
572 1515 836 1596 distinguendique
865 1515 988 1578 facultas
1010 1523 1039 1576 et
1060 1521 1144 1576 actus
1166 1521 1229 1589 est;
1263 1512 1428 1574 distinctum

311 1643 381 1686 vero
413 1625 493 1704 quod
527 1625 624 1706 primo
658 1644 730 1687 sane
762 1626 903 1705 adspectu
937 1634 1091 1686 externum
1123 1623 1245 1703 aliquod
1277 1628 1310 1684 ει
1336 1629 1431 1684 mente

311 1753 418 1796 carens
448 1743 516 1796 eta
547 1736 670 1798 nurnine
701 1735 801 1798 divino
831 1736 999 1816 sejunctum
1026 1754 1092 1796 esso
1121 1735 1254 1809 videtur,
1289 1734 1433 1814 siquidem

311 1845 480 1906 accuratius
510 1864 575 1906 rem
598 1846 808 1925 investigamus
837 1864 905 1908 cum
929 1845 1118 1925 perceptione
1147 1845 1226 1906 idem
1249 1852 1279 1905 ει
1302 1863 1356 1924 ρει·
1377 1853 1434 1906 εει.

311 1955 475 2034 Explicatio
497 1955 587 2034 hujus
609 1956 807 2036 perceptionis
830 1955 1012 2017 absoluta
1035 1955 1185 2016 veritas
1207 1961 1264 2016 εει.
1310 1955 1368 2016 Per
1390 1973 1438 2016 re-

309 2065 453 2145 ligionem
487 2065 678 2126 christianam
709 2065 822 2126 Deum
857 2085 896 2127 se
929 2065 1209 2126 manifestasse
1242 2065 1437 2144 intelligitur;

313 2175 373 2236 imo
397 2175 495 2254 potius
517 2175 552 2236 ad
577 2175 671 2254 ipsam
694 2175 826 2237 numinis
856 2176 948 2236 divini
978 2183 1111 2236 naturam
1142 2175 1270 2254 pertinet
1298 2176 1379 2254 quod
1406 2195 1440 2238 se

313 2285 500 2360 manifestat3
534 2303 566 2346 so
596 2286 786 2346 manifestare
815 2285 891 2346 nihil
920 2285 1000 2347 aliud
1023 2293 1068 2346 est
1097 2285 1156 2346 nisi
1179 2305 1211 2347 se
1234 2285 1437 2367 distinguerc3

313 2394 371 2454 hoc
392 2393 491 2472 ipsum
514 2394 704 2456 manifestum
727 2403 783 2470 εει,
807 2395 901 2456 Deum
926 2396 1115 2458 manifestum
1138 2414 1214 2458 esse.
1429 2477 1432 2482 ,

399 2503 534 2565 Proxime
556 2504 627 2565 hnic
648 2505 849 2585 disquisitioni
869 2505 1069 2586 adjungimus,
1094 2525 1169 2585 quae
1185 2506 1264 2568 inter
1283 2503 1436 2584 theologos

314 2614 526 2694 Philippus
549 2615 803 2676 hfarheinelre
830 2616 881 2696 qui
905 2615 1070 2695 theologiae
1094 2617 1245 2694 professor
1266 2617 1297 2676 in
1320 2615 1439 2676 univer·

314 2723 399 2785 sitate
422 2724 588 2786 litterarum
612 2725 796 2786 Berolinensi
826 2743 905 2786 anno
930 2722 1012 2787 1846
1034 2745 1051 2786 e
1073 2726 1129 2786 vita
1157 2726 1285 2787 excessit
1306 2725 1336 2786 in
1359 2725 1439 2786 libro

315 2852 369 2894 suo
392 2835 442 2913 qui
466 2835 502 2896 ad
526 2853 639 2896 sacram
663 2835 826 2904 doctrinam
850 2835 979 2914 pertinet
992 2834 1021 2912 ‘)
1052 2836 1089 2896 de
1118 2835 1286 2916 ontologico
1308 2855 1363 2917 pro
1386 2835 1440 2896 llci

312 2943 484 3004 exsistentia
513 2951 687 3022 argumento
717 2944 847 3005 breviter
874 2945 922 3005 his
952 2946 1014 3006 fere
1042 2945 1141 3007 verbis
1164 2945 1320 3008 disseruit:
1366 2947 1441 3007 Vera

316 3053 482 3131 argumenti
496 3053 654 3132 ontologici
671 3053 715 3114 ris
731 3053 762 3114 in
785 3054 869 3132 ipsa
892 3073 931 3115 ra
943 3054 1050 3116 tione
1073 3062 1221 3135 quatenus
1244 3056 1440 3136 cogitatio

311 3163 451 3224 divina
479 3171 524 3225 est
550 3163 732 3226 continetur.
780 3164 932 3245 Siquidem
956 3165 987 3226 in
1010 3173 1040 3226 ει
1061 3166 1098 3226 ab
1121 3166 1186 3227 idea
1209 3166 1262 3228 Dei
1285 3167 1439 3247 complexa

316 3282 360 3335 εει
383 3274 482 3355 itaque
505 3275 535 3336 in
559 3274 621 3336 Deo
643 3293 676 3336 re
698 3294 765 3362 pera
788 3276 904 3337 exsistit
926 3276 993 3337 ideo
1016 3277 1103 3337 etiam
1126 3277 1243 3340 Deum
1266 3277 1440 3358 cogitare

315 3385 524 3466 ipsumque
557 3394 746 3466 tamqnam
780 3387 1042 3449 exsistentem
1076 3405 1317 3467 cognoscere
1349 3387 1437 3449 valet.

315 3496 392 3557 llum
423 3515 491 3557 eunr
522 3515 582 3564 non
616 3496 786 3558 definita
820 3505 848 3558 et
882 3497 1146 3560 determinato
1180 3515 1246 3560 sua
1280 3497 1346 3559 sed
1380 3499 1440 3559 in·

316 3607 434 3667 finita
469 3607 662 3668 facultate
695 3607 821 3685 cogitat,
857 3607 944 3668 etiam
978 3608 1220 3669 exsistentia
1254 3609 1319 3688 ejus
1348 3626 1439 3669 rera

316 3724 505 3794 certaque
537 3715 594 3795 ipsi
628 3725 682 3777 est.
736 3717 838 3796 ltaque
867 3717 931 3796 ipse
962 3735 1028 3778 sese
1062 3735 1208 3798 suamque
1237 3718 1439 3780 exsistentiam

316 3843 376 3886 non
400 3824 456 3886 nisi
480 3843 534 3904 por
557 3825 700 3887 rationem
719 3835 867 3906 tamquam
883 3826 1067 3888 intellectum
1085 3828 1206 3890 sciendo
1223 3837 1341 3909 partum
1358 3847 1440 3890 com·

316 3935 432 4014 probat.
479 3935 557 3996 Sane
587 3935 677 4014 igitur
699 3955 734 3997 eo
764 3937 843 4016 quod
867 3937 956 3998 homo
979 3937 1073 3999 Deum
1096 3939 1226 4018 cogitare
1247 3939 1324 4000 valet
1344 3939 1439 3999 Deum

317 4063 350 4106 re
372 4063 438 4106 vcra
461 4045 603 4107 exsistere
625 4045 781 4124 probatur,
806 4055 836 4107 et
857 4046 931 4108 haec
952 4057 997 4109 εει
1019 4048 1185 4129 argumenti
1209 4047 1368 4128 ontologici
1391 4067 1440 4108 re·

320 4213 621 4226 ——m-F--u

385 4305 413 4370 l)
440 4305 472 4356 cf.
502 4304 729 4365 hlorheinelxe‚
764 4305 831 4358 Ph:
870 4307 996 4375 Principia
1021 4308 1150 4358 doctrinae
1174 4323 1262 4358 sacrae
1287 4307 1438 4358 christianae

317 4391 434 4441 methodo
452 4390 591 4441 scientifica
609 4397 735 4443 tractatae
753 4392 831 4444 editio
849 4393 871 4444 ll
890 4393 1001 4444 Beroliui
1019 4395 1085 4445 1827
1103 4395 1120 4459 S
1139 4394 1188 4446 tut
1205 4409 1229 4460 p.
1249 4395 1292 4446 96,
