3236 5076
626 441 949 512 ..ω-

223 645 379 691 causarum
402 625 634 688 inhaeserunt
657 631 762 706 natura
792 623 853 687 sire
876 623 988 686 mundo
1017 619 1210 699 adspectahili
1232 618 1346 680 infinita

214 733 453 799 'continuatione'
467 733 642 812 procedens,
667 751 757 810 quam
780 732 854 795 ratio
874 732 1002 794 humana
1017 730 1145 810 cogitare
1168 727 1271 806 nequit
1294 727 1345 787 sed

225 844 313 906 certis
343 843 452 904 linibus
481 841 738 920 circumscriptam
767 859 833 905 esse
864 840 993 922 postulat
1015 857 1162 902 summam
1184 847 1272 919 atque
1295 853 1347 901 ne-

225 952 382 1016 cessariam
413 951 545 1020 omnium
576 969 675 1012 rerum
707 969 825 1015 causam
856 969 923 1012 esse
949 949 1110 1014 concludit.
1156 947 1252 1010 Simili
1275 965 1348 1026 qua-

225 1063 294 1124 dam
325 1061 439 1122 ratione
462 1060 602 1124 Boethius
636 1081 671 1122 ex
704 1060 869 1142 imperfecti
902 1061 933 1122 in
967 1059 1071 1140 quovis
1105 1077 1205 1121 rerum
1238 1074 1347 1136 genere

225 1172 296 1238 moi
328 1171 470 1232 continuo
504 1170 627 1246 ordine,
673 1189 764 1249 quern
793 1178 873 1232 certo
904 1169 992 1235 modo
1022 1169 1251 1232 determinatum
1282 1185 1347 1226 esse

225 1281 298 1343 ratio
321 1281 472 1342 convincit
498 1280 627 1344 humana
658 1299 809 1342 summum
836 1279 948 1358 aliquid
972 1288 1001 1340 et
1023 1277 1272 1358 perfectissimum
1295 1275 1348 1335 ho-

224 1410 296 1456 num
318 1391 460 1455 exsistere
481 1398 510 1450 et
532 1408 682 1452 summum
707 1389 800 1450 Deum
823 1389 933 1450 summi
955 1388 1025 1450 boui
1050 1387 1257 1468 plenissimum
1280 1403 1346 1446 esse

225 1501 432 1566 demonstrare
453 1499 561 1562 studet.
604 1499 715 1570 Quodsi
738 1517 828 1578 porro
852 1498 944 1560 lleum
967 1498 1024 1560 hou
1047 1515 1198 1561 summum
1221 1495 1345 1568 honum,

218 1627 283 1690 -quu
313 1609 420 1689 plenus
450 1627 515 1668 esse
544 1607 719 1686 perhibetur
749 1627 803 1668 nee
832 1608 1015 1670 extrinsecus
1044 1608 1193 1686 accepisse
1224 1625 1279 1666 nec
1307 1603 1346 1668 ita

225 1719 399 1782 naturaliter
421 1717 547 1791 hahere,
573 1724 606 1778 ut
627 1736 643 1776 a
667 1716 713 1776 sui
738 1716 831 1796 ipsius
856 1724 960 1778 natura
984 1716 1044 1776 sire
1067 1715 1231 1778 substantia
1255 1715 1348 1776 diver-

224 1847 292 1888 sum
315 1827 354 1888 sit
375 1826 515 1900 ostendit,
541 1827 570 1888 id
594 1845 713 1904 quoque
737 1826 890 1888 verissime
913 1826 1086 1890 conclusum
1110 1813 1164 1900 est,
1189 1824 1215 1887 si
1238 1825 1347 1884 summi

227 1946 312 2016 atque
357 1936 565 2016 perfectissimi
592 1936 645 1996 Dei
691 1937 771 1996 notio
812 1936 875 2016 jam
919 1937 1129 2016 praesumitur.
1186 1935 1287 2013 ltaque
1320 1943 1348 1994 et

219 2047 489 2125 ,Augustinurn
523 2053 553 2108 et
579 2045 784 2108 Boethium
806 2047 885 2108 hand
916 2047 1129 2111 contemnenda
1159 2044 1279 2124 quidem
1301 2063 1349 2104 ar-

223 2157 358 2236 gumenti
388 2155 547 2234 ontologici
577 2155 662 2234 quasi
693 2155 837 2219 cinnoente
866 2176 964 2236 neque
995 2165 1092 2218 tamen
1117 2156 1276 2228 perlectam
1299 2156 1349 2216 lir-

226 2267 448 2346 missimamque
480 2265 545 2346 ejus
577 2266 702 2326 sormam
737 2265 768 2326 in
803 2267 899 2328 medin
933 2266 1124 2346 proposuisse
1151 2264 1348 2344 judicandum

226 2377 313 2441 nohis
336 2377 402 2440 erit.

636 2615 857 2622 ——..-.-——-
860 2614 938 2622 ..—.....

668 2835 825 2931 curun
854 2851 900 2929 n.

301 3065 446 3146 theologi
469 3065 655 3133 Scholastlcl
677 3065 825 3148 lnprtmls
849 3067 1009 3132 lusclmus
1033 3065 1276 3132 ceutronum.

311 3371 375 3430 lam
400 3389 493 3447 quum
515 3370 642 3448 peractis
666 3377 706 3428 tot
731 3369 884 3446 tantisque.
902 3369 1062 3430 multorum
1080 3369 1264 3432 saeculorum
1286 3390 1349 3430 cer-

228 3477 390 3540 taminihus
420 3480 606 3555 magnificum
638 3477 710 3540 illud
742 3487 772 3538 et
799 3477 974 3538 admirabile
1011 3478 1152 3542 ecclesiae
1181 3479 1348 3542 aedilicium

228 3587 306 3666 quod
336 3587 434 3648 mento
463 3607 532 3646 aevo
563 3587 764 3666 conspicimus
794 3596 974 3650 exstructum
999 3597 1093 3662 esset,
1139 3607 1199 3650 nun
1222 3590 1349 3670 amplius

227 3697 357 3776 theologi
380 3697 450 3775 quid
474 3697 531 3757 srde
553 3697 740 3758 retinendum
770 3697 809 3759 sit
830 3717 972 3777 quaerere
996 3699 1244 3774 debellaretur
1266 3699 1346 3760 enim

228 3807 369 3868 ecclesiae
392 3808 551 3868 auctoritas
573 3827 662 3888 quum
691 3810 787 3888 putuit
809 3810 978 3870 firmissime
1002 3817 1197 3890 proposuerat
1219 3819 1248 3870 et
1270 3809 1349 3887 quud

227 3917 332 3978 attinet
355 3917 391 3978 ad
415 3918 662 3996 praecipua-helei
693 3919 872 3995 christianae
896 3920 1032 3998 dogmata
1055 3939 1099 3980 cx.
1125 3939 1169 3998 gr.
1195 3919 1288 3998 capita
1313 3919 1349 3978 de

229 4027 376 4100 trinitate,
412 4027 448 4088 de
478 4027 668 4107 christologia
698 4037 728 4091 et
755 4030 792 4090 de
826 4029 1051 4109 nrrthrupulogia
1081 4029 1241 4112 christiana
1274 4029 1348 4088 riam

228 4155 284 4213 qua
305 4137 513 4216 theologorum
531 4138 635 4200 studia
665 4139 826 4218 procedere
857 4139 1124 4202 dehereutstriote
1146 4147 1347 4220 praeceperat.

229 4245 328 4324 Neque
351 4253 448 4308 tamen
474 4247 619 4326 theologis
642 4249 714 4310 nihil
731 4249 859 4326 amplius
878 4249 987 4327 negotii
1005 4249 1082 4310 eirca
1104 4267 1216 4310 sacram
1240 4247 1350 4310 ductri-

229 4373 296 4414 narn
320 4357 467 4434 reliqurun
490 4367 571 4430 erat,
606 4358 666 4418 imo
695 4359 854 4446 praecipua
885 4359 927 4418 iis.
954 4378 1042 4438 opera
1063 4361 1096 4424 iu
1120 4379 1155 4420 eo
1178 4358 1348 4422 collocanda
