3236 5076
603 463 926 532 *p*

202 649 291 710 arulas
319 655 371 708 ant
400 647 586 726 quorrmdam
620 647 794 726 proprium,
830 645 882 706 sed
912 645 1000 707 simul
1032 645 1172 706 omnibus
1193 653 1253 706 tota
1274 655 1325 706 est-

202 757 378 820 oammuuis.
425 759 465 817 de
486 747 619 836 per'hoc
648 775 712 816 eam
737 755 926 818 manifestum
957 762 1004 816 est
1025 755 1175 816 mentibus
1197 755 1318 830 nostris,

136 941 138 945 y
202 885 279 946 quae
299 867 335 927 ab
358 867 420 946 ipsa
445 885 503 926 rana
533 867 608 926 liunt
638 865 772 944 singulae
802 864 952 944 rapientes
981 872 1009 924 et
1039 881 1100 924 uon
1123 864 1160 924 de
1182 864 1244 944 ipsa
1268 863 1320 938 sed

201 977 370 1055 peripsam
394 976 431 1036 de
452 974 561 1036 ceteris
580 974 708 1054 judices,
734 992 799 1035 esse
822 975 979 1053 potiorem.
1013 974 1177 1034 'luentem
1201 989 1322 1034 eonces-

202 1103 300 1159 serm,
335 1085 360 1144 si
390 1084 461 1163 quid
492 1101 611 1162 supra
642 1091 791 1144 mentes
826 1091 986 1144 nostras
1017 1101 1083 1143 esse
1113 1090 1319 1154 monstrarem,

202 1195 316 1256 ileum
346 1202 374 1254 te
397 1211 462 1254 esse
485 1193 691 1254 consessurum
723 1193 755 1253 si
784 1193 909 1253 adhuc
938 1191 1043 1252 nihil
1073 1200 1181 1252 esset
1206 1209 1322 1272 supe-

202 1306 295 1366 rius.
344 1305 437 1376 Quam
467 1312 548 1366 tuam
578 1304 801 1365 concessionem
832 1304 981 1383 accipiens
1008 1304 1139 1364 dixeram
1162 1303 1234 1364 satis
1256 1321 1323 1364 esec

203 1424 236 1477 ut
256 1417 313 1476 lroc
335 1415 580 1482 demonstrarem,
627 1414 657 1474 Si
681 1413 762 1474 euim
784 1413 939 1492 aliquid
963 1422 1009 1474 est
1031 1413 1319 1486 excellentius,

201 1525 250 1586 ille
272 1524 372 1603 potius
395 1524 496 1584 lleus
519 1531 580 1594 est,
617 1523 642 1582 si
664 1531 763 1584 autem
787 1541 846 1583 nou
870 1530 933 1598 est,
966 1523 1027 1602 jam
1059 1524 1143 1602 ipsa
1173 1523 1322 1582 veritas

201 1635 301 1694 lleus
324 1642 380 1692 est.
427 1632 493 1692 Sive
522 1650 593 1710 ergo
616 1631 689 1692 illud
717 1632 772 1706 sit,
808 1632 868 1692 sive
897 1649 958 1692 non
989 1633 1044 1705 sit,
1080 1632 1193 1692 Deum
1224 1639 1322 1692 tamen

202 1762 288 1804 esse
312 1759 420 1818 negare
443 1759 503 1800 non
525 1739 655 1818 poteris,
687 1759 762 1818 quae
785 1740 872 1800 nobis
902 1747 983 1800 esset
1004 1741 1040 1800 ad
1064 1739 1270 1800 disserendum
1292 1749 1323 1800 et

202 1850 389 1912 tractandum
420 1849 579 1910 constituta
611 1849 755 1926 quaestio.
802 1850 875 1910 Nam
905 1850 930 1910 si
954 1850 1010 1910 hoc
1033 1857 1061 1910 te
1091 1860 1207 1924 movet,
1242 1850 1321 1929 quod

203 1959 280 2038 apud
304 1967 520 2018 sacrosanctam
543 1957 730 2037 disciplinam
755 1959 862 2019 Christi
885 1959 915 2019 in
939 1960 1027 2022 fidem
1050 1960 1230 2039 recepimus,
1256 1977 1322 2020 esse

107 2129 109 2132 .
202 2069 354 2130 Patrem
377 2068 617 2147 sapientiae,
642 2077 792 2128 memento
815 2087 869 2128 nos
885 2069 974 2130 etiam
998 2069 1106 2130 hocin
1129 2071 1217 2132 fidem
1240 2088 1323 2130 acce-

202 2178 301 2258 pisse,
333 2177 433 2256 quod
456 2185 621 2238 aeterno
643 2177 749 2238 Patri
774 2178 827 2238 sit
847 2179 1028 2258 aequalis
1050 2197 1147 2258 qnae
1168 2179 1212 2239 ab
1235 2179 1322 2259 ipso

201 2287 333 2366 genita
364 2295 425 2348 est
454 2287 667 2367 sapientia.
714 2288 798 2349 Unde
830 2307 911 2349 nunc
938 2289 1013 2350 nihil
1042 2290 1247 2368 quaerendum
1277 2297 1323 2350 est

202 2398 253 2458 sed
287 2397 462 2458 inconcussa
497 2396 554 2458 fide
587 2398 786 2458 retinendum.
833 2398 902 2458 Est
928 2399 1013 2466 ,enim
1037 2399 1137 2460 [leus
1168 2407 1205 2459 et
1234 2418 1322 2460 vere

202 2525 427 2583 summeque
457 2515 526 2567 est.
575 2507 661 2576 Quod
689 2506 751 2585 jam
782 2525 841 2566 non
872 2507 969 2567 solum
1000 2506 1199 2568 indubitatum
1223 2515 1255 2567 ut
1276 2527 1323 2568 ar-

84 2671 86 2676 .
203 2615 297 2674 bitror
319 2615 377 2673 side
399 2615 571 2685 retinemus,
596 2614 648 2674 sed
672 2615 760 2674 etiam
784 2622 862 2674 certa
882 2615 1016 2691 quamvis
1035 2615 1132 2674 adhue
1148 2617 1324 2678 tenuissime

204 2723 296 2784 lorma
319 2721 495 2799 cognitionis
517 2722 709 2800 adtingimus,
734 2723 812 2801 quod
836 2722 1002 2802 quaestioni
1025 2732 1179 2802 susceptae
1202 2725 1319 2797 suffieit,

203 2840 236 2893 ut
253 2838 371 2892 caetera
395 2848 470 2909 quae
492 2831 614 2892 adrem
637 2831 788 2910 pertinent
809 2831 955 2911 explicare
977 2832 1145 2912 possimus,
1170 2833 1227 2894 nisi
1250 2833 1322 2913 quid

202 2939 293 3002 habes
325 2939 467 3002 adversos
507 2939 562 3002 ista
603 2941 683 3020 quod
721 2959 864 3020 opponas.
921 2942 1112 3002 Evodius‘:
1157 2942 1220 3022 ligo
1253 2961 1322 3004 vero

202 3049 369 3112 incredibili
396 3050 518 3110 omnino
548 3058 578 3111 et
606 3069 695 3129 quam
727 3051 779 3111 tibi
809 3051 906 3112 verbis
935 3051 1080 3130 explicare
1109 3070 1169 3112 non
1199 3071 1320 3131 possum

202 3159 311 3224 laetitia
333 3161 473 3238 perfusus
499 3159 613 3240 accipio
634 3159 692 3220 ista
720 3168 756 3220 et.
772 3161 885 3231 clamo,
921 3179 987 3222 esse
1009 3160 1173 3220 verissima.
1220 3161 1321 3220 Clamo

202 3275 302 3328 autem
324 3287 394 3328 voce
416 3269 566 3342 interiore,
591 3287 648 3346 qua
672 3269 804 3330 exaudiri
828 3269 915 3347 cupio
937 3269 975 3328 ab
997 3269 1060 3348 ipsa
1086 3269 1205 3329 veritate
1228 3277 1257 3329 et
1278 3269 1320 3328 illi

203 3376 373 3449 inhaerere,
409 3377 487 3454 quod
511 3395 570 3437 uon
594 3377 690 3438 solum
713 3377 826 3438 bonum
848 3377 900 3437 sed
924 3377 1011 3438 etiam
1033 3395 1185 3438 summum
1208 3377 1321 3440 munau

203 3493 232 3548 e
254 3484 421 3546 beatificum
445 3503 511 3544 esse
534 3485 674 3546 concedo.

287 3594 369 3656 Hanc
398 3595 684 3673 argumentationem
716 3595 741 3656 si
770 3596 1014 3671 consideramus,
1049 3597 1206 3660 dicendum
1234 3596 1320 3660 nobis

202 3703 268 3776 erit,
292 3703 489 3781 Augustinum
513 3705 632 3784 quidem
656 3705 734 3782 qood
754 3705 809 3766 sibi
826 3706 1015 3785 proposuerit
1031 3707 1199 3786 perfecisse.
1234 3707 1321 3768 Prae·

202 3813 365 3874 clarissime
395 3814 474 3874 enim
504 3813 731 3888 demonstrarit,
767 3833 834 3876 esse
862 3815 974 3894 aliquid
1004 3815 1156 3878 mentibus
1182 3816 1320 3878 humanis
1418 3871 1424 3882 ,

202 3922 411 3997 excellentius,
446 3922 597 3984 veritatem
620 3923 733 3984 scilieet
755 3932 783 3984 et
808 3925 1003 4003 sapientiam,
1039 3932 1068 3986 et
1090 3925 1161 4003 quia
1182 3925 1320 3986 omnihus

202 4031 437 4110 intelligentibus
457 4032 624 4092 communis
642 4051 677 4092 ac
695 4050 798 4110 perse
819 4033 994 4094 inconcussa
1018 4042 1048 4094 et
1070 4034 1321 4096 incommutabilis

202 4143 256 4215 sit,
292 4150 326 4202 ut
347 4141 371 4201 si
395 4141 464 4219 quis
487 4159 551 4202 eam
575 4159 634 4200 non
656 4141 801 4219 intelligat
824 4143 884 4202 imo
907 4143 993 4204 marlti
1020 4142 1232 4205 ratiocinantes
1254 4159 1319 4204 eam

202 4269 261 4312 nort
293 4251 409 4310 videant
438 4250 500 4328 ipsa
532 4258 719 4338 tamennon
750 4251 882 4325 delleiat,
918 4259 948 4312 et
968 4251 1036 4330 quia
1067 4251 1231 4315 secuudum
1252 4269 1317 4310 eam

201 4359 286 4438 qarasi
317 4357 444 4437 lapidem
474 4359 587 4438 lydium
619 4359 656 4418 de
684 4359 824 4428 omnibus
854 4359 960 4433 rebus,
997 4377 1056 4420 nun
1087 4360 1123 4418 de
1145 4358 1319 4434 corporibus·
