3260 5058
664 444 986 516 ..9ο-

262 628 340 692 lranc
368 627 520 690 uodonem
550 623 637 688 allata
668 632 756 700 sunt;
787 643 833 688 ex.
857 643 902 704 pr.
934 623 1098 704 propositio
1124 623 1175 687 illa
1196 623 1386 704 geometrica,

262 737 343 818 quod
375 735 544 815 triangulus
575 742 636 798 tres
664 734 772 796 habeat
810 733 953 814 angulos,
1000 741 1102 814 utpote
1146 753 1222 813 quae
1253 733 1389 796 absoluta

263 846 432 913 necessaria
454 845 503 910 sit.
549 845 608 908 Sed
638 843 737 909 omitia
760 843 908 923 ejusmodi
938 843 1071 924 exempla
1093 862 1111 908 a
1136 842 1306 924 judiciis
1328 860 1389 906 non

262 976 280 1020 a
311 956 432 1020 rebus
464 973 627 1036 earumque
659 955 830 1019 exsistentia
872 954 1027 1034 desumpta
1061 962 1143 1016 sunt.
1198 953 1388 1016 Absoluta

262 1074 362 1132 annm
399 1065 506 1146 judieii
547 1065 709 1129 necessitas
749 1063 1028 1128 conditionata
1061 1070 1176 1126 tentum
1214 1071 1260 1124 est
1291 1062 1387 1141 quoad

263 1194 326 1238 rem
349 1175 410 1238 sive
432 1174 633 1254 praedicatum
652 1173 770 1253 judicii.
817 1173 867 1234 Sic
889 1191 935 1236 ex.
959 1192 1004 1252 gr.
1029 1191 1062 1236 ea
1085 1172 1273 1246 conditione,
1308 1171 1389 1250 qnod

265 1285 430 1364 dungalus
448 1283 565 1348 exsistit
580 1283 682 1360 (datus
694 1287 764 1359 est),
789 1271 876 1345 etiarn
896 1292 958 1346 tres
975 1282 1078 1362 anguli
1096 1282 1143 1358 (in
1156 1286 1206 1357 eo)
1223 1281 1389 1345 necessario

263 1394 421 1458 exsistunt.
468 1393 500 1454 Si
529 1392 732 1474 praedicatum
752 1391 859 1472 judicii
886 1392 965 1454 idem
993 1391 1171 1456 desistentis
1194 1391 1284 1467 tollo,
1319 1390 1390 1454 sub·

260 1503 375 1584 jectum
398 1519 467 1568 vero
490 1519 551 1566 non
573 1501 694 1578 eutero,
719 1501 913 1567 contradictio
932 1500 1001 1566 iude
1018 1501 1146 1565 elicitur
1167 1501 1292 1580 ideoque
1314 1499 1389 1564 illud

263 1613 322 1681 isto
351 1611 521 1679 necessario
550 1617 719 1691 competere
741 1610 819 1675 dico.
866 1611 919 1674 Sin
947 1610 1112 1691 subiectum
1143 1609 1232 1672 simiel
1254 1617 1284 1672 et
1304 1627 1389 1689 prae·

263 1722 393 1788 dicatum
416 1721 488 1787 tollo
510 1720 592 1785 nulla
619 1720 714 1786 oritur
742 1719 955 1796 contradictio;
990 1739 1058 1784 nam
1092 1719 1194 1782 nihil
1217 1719 1389 1798 amplius

263 1838 401 1912 superest
422 1830 471 1894 oni
493 1829 656 1904 contradici
678 1839 789 1910 posset.
824 1829 1061 1909 Similiterquod
1075 1829 1225 1894 attinatad
1238 1829 1389 1892 notionem

264 1941 369 2004 entis
397 1939 584 2004 absolute
614 1939 839 2002 necessarii
869 1958 917 2005 res
939 1958 1004 2002 sese
1027 1939 1126 2002 habet.
1172 1938 1204 2000 Si
1227 1937 1292 2018 ejus
1314 1937 1390 2002 exsi-

266 2048 406 2113 stentiam
439 2049 562 2124 tollitis,
603 2066 667 2112 rem
699 2048 794 2128 ipsam
827 2065 895 2110 cum
937 2047 1077 2112 omnibus
1117 2047 1181 2108 suis
1213 2047 1391 2126 praetlicatis

264 2159 405 2227 aufertis:
446 2157 596 2230 undenam
619 2164 683 2222 tum
706 2156 818 2220 oriatur
840 2155 1057 2220 contradictio?
1090 2158 1192 2220 Deus
1222 2167 1282 2218 est
1312 2175 1390 2218 om·

264 2269 457 2348 nipotens
489 2266 547 2330 hoe
573 2266 775 2331 necessarium
803 2265 952 2346 judicium
983 2275 1037 2328 est.
1091 2266 1390 2346 omnipotentia

266 2376 465 2456 tolli,nequit
494 2375 520 2439 si
548 2393 688 2439 numen
720 2375 897 2438 divinum
926 2377 983 2443 lroc
1012 2383 1057 2438 est
1086 2394 1149 2438 ens
1177 2376 1389 2438 inlinitum

264 2487 375 2569 ponitis
398 2485 485 2568 cujus
507 2485 622 2552 notioni
644 2485 696 2548 illa
718 2503 772 2566 par
794 2493 848 2550 est.
895 2487 948 2548 Sin
971 2486 1153 2567 proponitis:
1187 2487 1290 2548 Deus
1310 2503 1389 2548 non

264 2596 430 2661 exsistit
452 2614 508 2658 nec
530 2595 743 2676 omnipotentia
767 2613 822 2658 nec
845 2595 939 2660 ullum
961 2596 1042 2660 aliud
1065 2596 1130 2676 eius
1151 2595 1389 2676 praedicatorum

264 2708 351 2771 datur
373 2705 472 2768 omnia
494 2705 575 2769 enirn
597 2723 655 2770 una
686 2723 754 2768 cum
784 2705 919 2785 subjecto
941 2706 1056 2770 sublate
1086 2711 1175 2780 sunt,
1221 2723 1277 2766 nec
1298 2703 1389 2766 ullam

263 2817 337 2878 haec
358 2815 522 2896 propositio
552 2815 813 2879 contradictionem
844 2815 976 2881 involvit.
1020 2816 1180 2880 Enimvero
1200 2816 1277 2878 hanc
1299 2832 1390 2878 unam

264 2925 363 2988 dicitis
386 2942 453 2986 esse
474 2923 647 2996 notionem,
682 2923 712 2984 in
743 2942 802 3002 qua
830 2925 1080 2989 non-exsistentia
1109 2943 1163 2988 seu
1192 2925 1235 2986 rei
1262 2923 1390 2988 suhhtio

264 3033 321 3116 ipsi
345 3032 403 3094 sihi
425 3040 589 3112 repugnet,
614 3031 765 3097 notionem
789 3033 912 3112 inquam
934 3033 1011 3098 entis
1034 3033 1188 3097 ver·issime
1208 3033 1386 3096 exsistentis.

264 3143 352 3220 llaec,
376 3149 411 3204 ut
431 3141 628 3218 contenditis,
653 3159 771 3207 omnem
794 3142 947 3208 veritatem
970 3142 1104 3208 continet
1125 3151 1155 3206 et
1177 3143 1310 3208 vestale
1332 3160 1387 3204 ens

264 3247 408 3334 possibile
430 3251 561 3332 ponendi
582 3257 759 3332 potestatem
779 3251 907 3320 nenena
934 3253 1000 3317 lam
1022 3251 1054 3316 in
1076 3252 1210 3316 omnium
1233 3253 1392 3317 veritatum

154 3433 159 3444 ,
264 3381 390 3429 numero
423 3362 512 3434 etiam
545 3361 717 3427 exsistentia
751 3369 813 3437 est,
847 3362 974 3442 ideoque
1007 3362 1178 3427 exsistentia
1206 3362 1239 3424 in
1268 3363 1419 3446 nomae,

265 3473 343 3540 entis
366 3471 518 3552 possibilis
547 3471 726 3536 continetur.
772 3473 851 3552 Ergo
880 3473 906 3534 si
936 3473 1009 3538 haec
1037 3489 1086 3536 res
1109 3472 1239 3548 tollitur,
1272 3473 1392 3536 interna

265 3581 307 3646 rei
330 3579 512 3660 possibilitas
534 3581 669 3642 aufertur
690 3599 766 3659 quse
788 3590 834 3643 est
855 3581 1059 3647 contradictio.
1100 3582 1158 3644 Sed
1178 3582 1236 3642 hoc
1250 3581 1312 3660 jam
1330 3579 1392 3642 sibi

265 3696 428 3770 repugnat,
463 3687 490 3748 si
519 3688 634 3751 notioni
664 3689 706 3750 rei
736 3688 865 3768 alicujus
895 3707 985 3768 quarn
1014 3689 1203 3752 solummodo
1225 3690 1390 3752 secundum

265 3796 493 3885 possibilitatem
523 3796 653 3875 cogitare
675 3797 810 3860 volumus
835 3797 898 3876 jem
921 3797 977 3860 sut
1007 3799 1124 3862 occulto
1146 3799 1246 3879 aliquo
1267 3799 1392 3876 nomine

265 3906 418 3970 nunonem
442 3904 720 3985 exsistentiae,eJ'us
742 3904 909 3968 inserimus.
956 3907 989 3970 Si
1010 3908 1191 3988 propositio:
1215 3909 1309 3970 haec
1330 3906 1390 3968 vel

266 4017 338 4084 illa
359 4033 422 4080 res
445 4013 612 4088 exsistit
633 4013 837 4096 analytica
860 4013 951 4096 est²)
974 4025 1025 4080 aut
1042 4017 1182 4098 cogitatio
1201 4037 1277 4098 quae
1296 4015 1389 4082 menti
1509 4071 1512 4080 ,
1615 3995 1616 4002 ¹

270 4181 574 4194 ----—-......——

333 4271 361 4338 2)
380 4272 412 4322 cl.
425 4271 450 4350 l.
472 4289 494 4326 c.
515 4271 667 4326 introductio
685 4273 728 4328 lV.
748 4291 773 4342 p.
792 4277 825 4328 1⁰
842 4290 896 4344 sqq.
934 4276 1075 4346 Propositio
1098 4275 1322 4346 analyticam
1339 4283 1385 4336 est.

267 4368 316 4419 qua
332 4353 506 4422 praedicatum
524 4355 549 4406 in
567 4355 683 4422 subjecto
702 4357 852 4408 continetur.
