<?xml version="1.0" encoding="UTF-8"?>
<!DOCTYPE html PUBLIC "-//W3C//DTD XHTML 1.0 Transitional//EN"
    "http://www.w3.org/TR/xhtml1/DTD/xhtml1-transitional.dtd">
<html xmlns="http://www.w3.org/1999/xhtml" xml:lang="en" lang="en">
 <head>
  <title>
</title>
<meta http-equiv="Content-Type" content="text/html;charset=utf-8" />
  <meta name='ocr-system' content='tesseract 3.04.00' />
  <meta name='ocr-capabilities' content='ocr_page ocr_carea ocr_par ocr_line ocrx_word'/>
</head>
<body>
  <div class='ocr_page' id='page_1' title='image "./deontologicopro00waltgoog_0081.png"; bbox 0 0 3260 5058; ppageno 0'>
   <div class='ocr_carea' id='block_1_1' title="bbox 697 483 1022 550">
    <p class='ocr_par' dir='ltr' id='par_1_1' title="bbox 697 483 1022 550">
     <span class='ocr_line' id='line_1_1' title="bbox 697 483 1022 550; baseline 0 -20"><span class='ocrx_word' id='word_1_1' title='bbox 697 483 1022 550; x_wconf 71' lang='grc'>-.68....</span> 
     </span>
    </p>
   </div>
   <div class='ocr_carea' id='block_1_2' title="bbox 228 662 1422 4478">
    <p class='ocr_par' dir='ltr' id='par_1_2' title="bbox 228 662 1422 4478">
     <span class='ocr_line' id='line_1_2' title="bbox 295 662 1417 735; baseline -0.001 -10"><span class='ocrx_word' id='word_1_2' title='bbox 295 663 562 725; x_wconf 74' lang='lat' dir='ltr'><strong>materialium</strong></span> <span class='ocrx_word' id='word_1_3' title='bbox 606 681 682 724; x_wconf 92' lang='lat' dir='ltr'><strong>non</strong></span> <span class='ocrx_word' id='word_1_4' title='bbox 727 672 820 724; x_wconf 92' lang='lat' dir='ltr'><strong>sunt</strong></span> <span class='ocrx_word' id='word_1_5' title='bbox 863 663 969 724; x_wconf 90' lang='lat' dir='ltr'><strong>entia</strong></span> <span class='ocrx_word' id='word_1_6' title='bbox 1003 681 1018 723; x_wconf 98' lang='lat' dir='ltr'><strong>a</strong></span> <span class='ocrx_word' id='word_1_7' title='bbox 1052 681 1103 724; x_wconf 86' lang='lat' dir='ltr'><strong>se.</strong></span> <span class='ocrx_word' id='word_1_8' title='bbox 1156 662 1303 735; x_wconf 81' lang='lat' dir='ltr'><strong>Quoniam</strong></span> <span class='ocrx_word' id='word_1_9' title='bbox 1337 663 1417 724; x_wconf 90' lang='lat' dir='ltr'><strong>euim</strong></span> 
     </span>
     <span class='ocr_line' id='line_1_3' title="bbox 296 769 1415 853; baseline -0.002 -19"><span class='ocrx_word' id='word_1_10' title='bbox 296 791 420 853; x_wconf 89' lang='lat' dir='ltr'><strong>corpora</strong></span> <span class='ocrx_word' id='word_1_11' title='bbox 452 773 551 834; x_wconf 91' lang='lat' dir='ltr'><strong>omnia</strong></span> <span class='ocrx_word' id='word_1_12' title='bbox 581 780 652 834; x_wconf 90' lang='lat' dir='ltr'><strong>sunt</strong></span> <span class='ocrx_word' id='word_1_13' title='bbox 680 773 897 834; x_wconf 88' lang='lat' dir='ltr'><strong>elementorum</strong></span> <span class='ocrx_word' id='word_1_14' title='bbox 930 779 1086 852; x_wconf 80' lang='lat' dir='ltr'><strong>aggregata</strong></span> <span class='ocrx_word' id='word_1_15' title='bbox 1116 776 1149 847; x_wconf 98' lang='grc'><strong>(9</strong></span> <span class='ocrx_word' id='word_1_16' title='bbox 1174 769 1235 834; x_wconf 86' lang='grc'><strong>176</strong></span> <span class='ocrx_word' id='word_1_17' title='bbox 1258 772 1415 848; x_wconf 90' lang='lat' dir='ltr'><strong>Cosmol.),</strong></span> 
     </span>
     <span class='ocr_line' id='line_1_4' title="bbox 296 881 1418 963; baseline -0.001 -19"><span class='ocrx_word' id='word_1_18' title='bbox 296 900 421 963; x_wconf 89' lang='lat' dir='ltr'><strong>corpora</strong></span> <span class='ocrx_word' id='word_1_19' title='bbox 443 901 562 962; x_wconf 87' lang='lat' dir='ltr'><strong>quoque</strong></span> <span class='ocrx_word' id='word_1_20' title='bbox 584 901 619 944; x_wconf 90' lang='lat' dir='ltr'><strong>ex</strong></span> <span class='ocrx_word' id='word_1_21' title='bbox 641 882 751 962; x_wconf 90' lang='lat' dir='ltr'><strong>quibus</strong></span> <span class='ocrx_word' id='word_1_22' title='bbox 767 891 916 962; x_wconf 79' lang='lat' dir='ltr'><strong>umquam</strong></span> <span class='ocrx_word' id='word_1_23' title='bbox 933 881 1068 962; x_wconf 89' lang='lat' dir='ltr'><strong>partibus</strong></span> <span class='ocrx_word' id='word_1_24' title='bbox 1083 881 1273 961; x_wconf 79' lang='lat' dir='ltr'><strong>componitur</strong></span> <span class='ocrx_word' id='word_1_25' title='bbox 1288 882 1418 943; x_wconf 89' lang='lat' dir='ltr'><strong>mundus</strong></span> 
     </span>
     <span class='ocr_line' id='line_1_5' title="bbox 295 989 1415 1073; baseline -0.002 -19"><span class='ocrx_word' id='word_1_26' title='bbox 295 998 330 1067; x_wconf 90' lang='grc'><strong>(9</strong></span> <span class='ocrx_word' id='word_1_27' title='bbox 354 989 418 1054; x_wconf 85' lang='grc'><strong>119</strong></span> <span class='ocrx_word' id='word_1_28' title='bbox 439 991 585 1066; x_wconf 83' lang='lat' dir='ltr'><strong>Cosmol.)</strong></span> <span class='ocrx_word' id='word_1_29' title='bbox 619 1000 837 1073; x_wconf 69' lang='lat' dir='ltr'><strong>consequenter</strong></span> <span class='ocrx_word' id='word_1_30' title='bbox 868 991 999 1052; x_wconf 88' lang='lat' dir='ltr'><strong>mundus</strong></span> <span class='ocrx_word' id='word_1_31' title='bbox 1032 991 1096 1071; x_wconf 93' lang='lat' dir='ltr'><strong>ipse</strong></span> <span class='ocrx_word' id='word_1_32' title='bbox 1129 990 1270 1052; x_wconf 77' lang='lat' dir='ltr'><strong>exsistere</strong></span> <span class='ocrx_word' id='word_1_33' title='bbox 1303 993 1415 1071; x_wconf 80' lang='lat' dir='ltr'><strong>nequit,</strong></span> 
     </span>
     <span class='ocr_line' id='line_1_6' title="bbox 297 1100 1419 1181; baseline 0 -19"><span class='ocrx_word' id='word_1_34' title='bbox 297 1102 354 1162; x_wconf 91' lang='lat' dir='ltr'><strong>nisi</strong></span> <span class='ocrx_word' id='word_1_35' title='bbox 378 1102 521 1163; x_wconf 82' lang='lat' dir='ltr'><strong>exsistant</strong></span> <span class='ocrx_word' id='word_1_36' title='bbox 542 1102 697 1164; x_wconf 88' lang='lat' dir='ltr'><strong>elementa.</strong></span> <span class='ocrx_word' id='word_1_37' title='bbox 743 1101 782 1162; x_wconf 83' lang='lat' dir='ltr'><strong>Et</strong></span> <span class='ocrx_word' id='word_1_38' title='bbox 803 1101 872 1181; x_wconf 90' lang='lat' dir='ltr'><strong>quia</strong></span> <span class='ocrx_word' id='word_1_39' title='bbox 901 1100 926 1161; x_wconf 87' lang='lat' dir='ltr'><strong>si</strong></span> <span class='ocrx_word' id='word_1_40' title='bbox 949 1101 1026 1162; x_wconf 87' lang='lat' dir='ltr'><strong>alius</strong></span> <span class='ocrx_word' id='word_1_41' title='bbox 1055 1101 1186 1162; x_wconf 90' lang='lat' dir='ltr'><strong>mundus</strong></span> <span class='ocrx_word' id='word_1_42' title='bbox 1208 1119 1302 1180; x_wconf 87' lang='lat' dir='ltr'><strong>aeque</strong></span> <span class='ocrx_word' id='word_1_43' title='bbox 1324 1101 1419 1181; x_wconf 88' lang='lat' dir='ltr'><strong>possi·</strong></span> 
     </span>
     <span class='ocr_line' id='line_1_7' title="bbox 297 1209 1419 1290; baseline 0 -18"><span class='ocrx_word' id='word_1_44' title='bbox 297 1211 366 1272; x_wconf 91' lang='lat' dir='ltr'><strong>bilis</strong></span> <span class='ocrx_word' id='word_1_45' title='bbox 388 1229 422 1274; x_wconf 85' lang='lat' dir='ltr'><strong>ac</strong></span> <span class='ocrx_word' id='word_1_46' title='bbox 449 1211 549 1290; x_wconf 89' lang='lat' dir='ltr'><strong>isqui</strong></span> <span class='ocrx_word' id='word_1_47' title='bbox 579 1212 694 1273; x_wconf 87' lang='lat' dir='ltr'><strong>exsistit</strong></span> <span class='ocrx_word' id='word_1_48' title='bbox 723 1217 755 1287; x_wconf 82' lang='lat'><strong>(§</strong></span> <span class='ocrx_word' id='word_1_49' title='bbox 779 1209 837 1274; x_wconf 86' lang='lat'><strong>101</strong></span> <span class='ocrx_word' id='word_1_50' title='bbox 864 1210 1010 1286; x_wconf 90' lang='lat' dir='ltr'><strong>Cosmol.)</strong></span> <span class='ocrx_word' id='word_1_51' title='bbox 1041 1211 1182 1272; x_wconf 87' lang='lat' dir='ltr'><strong>exsistere</strong></span> <span class='ocrx_word' id='word_1_52' title='bbox 1211 1210 1333 1274; x_wconf 85' lang='lat' dir='ltr'><strong>deberet</strong></span> <span class='ocrx_word' id='word_1_53' title='bbox 1360 1211 1419 1272; x_wconf 91' lang='lat' dir='ltr'><strong>ele-</strong></span> 
     </span>
     <span class='ocr_line' id='line_1_8' title="bbox 297 1318 1419 1396; baseline 0 -14"><span class='ocrx_word' id='word_1_54' title='bbox 297 1329 396 1382; x_wconf 91' lang='lat' dir='ltr'><strong>menta</strong></span> <span class='ocrx_word' id='word_1_55' title='bbox 426 1319 482 1381; x_wconf 89' lang='lat' dir='ltr'><strong>alia</strong></span> <span class='ocrx_word' id='word_1_56' title='bbox 512 1321 653 1382; x_wconf 86' lang='lat' dir='ltr'><strong>exsistere</strong></span> <span class='ocrx_word' id='word_1_57' title='bbox 683 1320 826 1382; x_wconf 89' lang='lat' dir='ltr'><strong>deberent</strong></span> <span class='ocrx_word' id='word_1_58' title='bbox 855 1325 887 1396; x_wconf 87' lang='grc'><strong>(9</strong></span> <span class='ocrx_word' id='word_1_59' title='bbox 910 1318 973 1382; x_wconf 85' lang='grc'><strong>570</strong></span> <span class='ocrx_word' id='word_1_60' title='bbox 996 1321 1142 1396; x_wconf 84' lang='lat' dir='ltr'><strong>Cosmol.)</strong></span> <span class='ocrx_word' id='word_1_61' title='bbox 1172 1321 1253 1382; x_wconf 89' lang='lat' dir='ltr'><strong>bisce</strong></span> <span class='ocrx_word' id='word_1_62' title='bbox 1277 1321 1419 1382; x_wconf 88' lang='lat' dir='ltr'><strong>exsisten-</strong></span> 
     </span>
     <span class='ocr_line' id='line_1_9' title="bbox 299 1430 1419 1510; baseline 0 -19"><span class='ocrx_word' id='word_1_63' title='bbox 299 1431 379 1492; x_wconf 88' lang='lat' dir='ltr'><strong>tibus</strong></span> <span class='ocrx_word' id='word_1_64' title='bbox 401 1431 556 1491; x_wconf 90' lang='lat' dir='ltr'><strong>elementis</strong></span> <span class='ocrx_word' id='word_1_65' title='bbox 579 1430 710 1492; x_wconf 90' lang='lat' dir='ltr'><strong>mundus</strong></span> <span class='ocrx_word' id='word_1_66' title='bbox 731 1430 808 1492; x_wconf 90' lang='lat' dir='ltr'><strong>alius</strong></span> <span class='ocrx_word' id='word_1_67' title='bbox 831 1449 918 1510; x_wconf 89' lang='lat' dir='ltr'><strong>qnam</strong></span> <span class='ocrx_word' id='word_1_68' title='bbox 942 1430 991 1492; x_wconf 91' lang='lat' dir='ltr'><strong>bic</strong></span> <span class='ocrx_word' id='word_1_69' title='bbox 1013 1431 1153 1492; x_wconf 88' lang='lat' dir='ltr'><strong>exsistere</strong></span> <span class='ocrx_word' id='word_1_70' title='bbox 1165 1431 1277 1509; x_wconf 90' lang='lat' dir='ltr'><strong>nequit.</strong></span> <span class='ocrx_word' id='word_1_71' title='bbox 1310 1431 1419 1502; x_wconf 83' lang='lat' dir='ltr'><strong>Quam-</strong></span> 
     </span>
     <span class='ocr_line' id='line_1_10' title="bbox 298 1538 1418 1620; baseline 0.001 -19"><span class='ocrx_word' id='word_1_72' title='bbox 298 1541 401 1601; x_wconf 82' lang='lat' dir='ltr'><strong>obrem</strong></span> <span class='ocrx_word' id='word_1_73' title='bbox 423 1559 515 1620; x_wconf 89' lang='lat' dir='ltr'><strong>quum</strong></span> <span class='ocrx_word' id='word_1_74' title='bbox 539 1540 669 1601; x_wconf 89' lang='lat' dir='ltr'><strong>mundus</strong></span> <span class='ocrx_word' id='word_1_75' title='bbox 698 1540 747 1601; x_wconf 82' lang='lat' dir='ltr'><strong>laic</strong></span> <span class='ocrx_word' id='word_1_76' title='bbox 768 1540 975 1620; x_wconf 89' lang='lat' dir='ltr'><strong>adspectabilis</strong></span> <span class='ocrx_word' id='word_1_77' title='bbox 1004 1559 1064 1602; x_wconf 92' lang='lat' dir='ltr'><strong>non</strong></span> <span class='ocrx_word' id='word_1_78' title='bbox 1088 1541 1127 1601; x_wconf 90' lang='lat' dir='ltr'><strong>sit</strong></span> <span class='ocrx_word' id='word_1_79' title='bbox 1148 1559 1202 1602; x_wconf 91' lang='lat' dir='ltr'><strong>ens</strong></span> <span class='ocrx_word' id='word_1_80' title='bbox 1224 1559 1289 1602; x_wconf 91' lang='lat' dir='ltr'><strong>ase</strong></span> <span class='ocrx_word' id='word_1_81' title='bbox 1309 1544 1344 1615; x_wconf 88' lang='grc'><strong>(9</strong></span> <span class='ocrx_word' id='word_1_82' title='bbox 1362 1538 1418 1616; x_wconf 82' lang='lat'><strong>50)</strong></span> 
     </span>
     <span class='ocr_line' id='line_1_11' title="bbox 297 1646 1419 1730; baseline -0.002 -18"><span class='ocrx_word' id='word_1_83' title='bbox 297 1659 517 1730; x_wconf 81' lang='lat' dir='ltr'><strong>consequenter</strong></span> <span class='ocrx_word' id='word_1_84' title='bbox 538 1667 594 1711; x_wconf 90' lang='lat' dir='ltr'><strong>nec</strong></span> <span class='ocrx_word' id='word_1_85' title='bbox 615 1668 669 1712; x_wconf 92' lang='lat' dir='ltr'><strong>ens</strong></span> <span class='ocrx_word' id='word_1_86' title='bbox 699 1651 900 1712; x_wconf 90' lang='lat' dir='ltr'><strong>necessarium</strong></span> <span class='ocrx_word' id='word_1_87' title='bbox 931 1655 964 1726; x_wconf 88' lang='grc'><strong>(9</strong></span> <span class='ocrx_word' id='word_1_88' title='bbox 986 1646 1042 1726; x_wconf 88' lang='grc'><strong>33)</strong></span> <span class='ocrx_word' id='word_1_89' title='bbox 1066 1669 1123 1711; x_wconf 87' lang='lat' dir='ltr'><strong>nee</strong></span> <span class='ocrx_word' id='word_1_90' title='bbox 1151 1650 1296 1712; x_wconf 85' lang='lat' dir='ltr'><strong>elementa</strong></span> <span class='ocrx_word' id='word_1_91' title='bbox 1319 1669 1419 1712; x_wconf 83' lang='lat' dir='ltr'><strong>rerum</strong></span> 
     </span>
     <span class='ocr_line' id='line_1_12' title="bbox 299 1760 1417 1840; baseline -0.001 -18"><span class='ocrx_word' id='word_1_92' title='bbox 299 1761 494 1822; x_wconf 82' lang='lat' dir='ltr'><strong>materialium</strong></span> <span class='ocrx_word' id='word_1_93' title='bbox 518 1760 595 1822; x_wconf 88' lang='lat' dir='ltr'><strong>entia</strong></span> <span class='ocrx_word' id='word_1_94' title='bbox 620 1761 797 1836; x_wconf 88' lang='lat' dir='ltr'><strong>necessaria,</strong></span> <span class='ocrx_word' id='word_1_95' title='bbox 823 1769 1042 1840; x_wconf 87' lang='lat' dir='ltr'><strong>uorrsequenter</strong></span> <span class='ocrx_word' id='word_1_96' title='bbox 1064 1779 1119 1822; x_wconf 88' lang='lat' dir='ltr'><strong>nen</strong></span> <span class='ocrx_word' id='word_1_97' title='bbox 1141 1761 1219 1824; x_wconf 86' lang='lat' dir='ltr'><strong>entia</strong></span> <span class='ocrx_word' id='word_1_98' title='bbox 1242 1780 1258 1822; x_wconf 93' lang='lat' dir='ltr'><strong>a</strong></span> <span class='ocrx_word' id='word_1_99' title='bbox 1281 1779 1313 1822; x_wconf 89' lang='lat' dir='ltr'><strong>sa</strong></span> <span class='ocrx_word' id='word_1_100' title='bbox 1335 1767 1417 1822; x_wconf 90' lang='lat' dir='ltr'><strong>suut.</strong></span> 
     </span>
     <span class='ocr_line' id='line_1_13' title="bbox 297 1871 1420 1934; baseline 0 -2"><span class='ocrx_word' id='word_1_101' title='bbox 297 1873 421 1932; x_wconf 82' lang='lat' dir='ltr'><strong>Atomi</strong></span> <span class='ocrx_word' id='word_1_102' title='bbox 447 1871 678 1933; x_wconf 83' lang='lat' dir='ltr'><strong>materiales</strong></span> <span class='ocrx_word' id='word_1_103' title='bbox 708 1891 782 1934; x_wconf 92' lang='lat' dir='ltr'><strong>non</strong></span> <span class='ocrx_word' id='word_1_104' title='bbox 806 1878 902 1932; x_wconf 89' lang='lat' dir='ltr'><strong>suut</strong></span> <span class='ocrx_word' id='word_1_105' title='bbox 930 1872 1037 1933; x_wconf 90' lang='lat' dir='ltr'><strong>entia</strong></span> <span class='ocrx_word' id='word_1_106' title='bbox 1060 1891 1077 1933; x_wconf 87' lang='lat' dir='ltr'><strong>a</strong></span> <span class='ocrx_word' id='word_1_107' title='bbox 1100 1891 1148 1934; x_wconf 88' lang='lat' dir='ltr'><strong>se.</strong></span> <span class='ocrx_word' id='word_1_108' title='bbox 1194 1873 1318 1933; x_wconf 82' lang='lat' dir='ltr'><strong>Aternus</strong></span> <span class='ocrx_word' id='word_1_109' title='bbox 1340 1871 1420 1934; x_wconf 91' lang='lat' dir='ltr'><strong>euim</strong></span> 
     </span>
     <span class='ocr_line' id='line_1_14' title="bbox 299 1981 1421 2060; baseline 0.002 -20"><span class='ocrx_word' id='word_1_110' title='bbox 299 1981 460 2042; x_wconf 90' lang='lat' dir='ltr'><strong>materialis</strong></span> <span class='ocrx_word' id='word_1_111' title='bbox 483 1987 529 2042; x_wconf 87' lang='lat' dir='ltr'><strong>est</strong></span> <span class='ocrx_word' id='word_1_112' title='bbox 550 1981 694 2060; x_wconf 87' lang='lat' dir='ltr'><strong>particula</strong></span> <span class='ocrx_word' id='word_1_113' title='bbox 717 1981 748 2042; x_wconf 92' lang='lat' dir='ltr'><strong>in</strong></span> <span class='ocrx_word' id='word_1_114' title='bbox 771 2001 803 2042; x_wconf 92' lang='lat' dir='ltr'><strong>se</strong></span> <span class='ocrx_word' id='word_1_115' title='bbox 826 1981 993 2056; x_wconf 88' lang='lat' dir='ltr'><strong>divisibilis,</strong></span> <span class='ocrx_word' id='word_1_116' title='bbox 1018 1982 1070 2042; x_wconf 89' lang='lat' dir='ltr'><strong>sed</strong></span> <span class='ocrx_word' id='word_1_117' title='bbox 1087 1983 1136 2043; x_wconf 92' lang='lat' dir='ltr'><strong>cui</strong></span> <span class='ocrx_word' id='word_1_118' title='bbox 1152 1981 1310 2043; x_wconf 89' lang='lat' dir='ltr'><strong>dividendo</strong></span> <span class='ocrx_word' id='word_1_119' title='bbox 1321 1981 1421 2042; x_wconf 90' lang='lat' dir='ltr'><strong>nullae</strong></span> 
     </span>
     <span class='ocr_line' id='line_1_15' title="bbox 298 2089 1421 2166; baseline 0.002 -16"><span class='ocrx_word' id='word_1_120' title='bbox 298 2091 329 2151; x_wconf 93' lang='lat' dir='ltr'><strong>in</strong></span> <span class='ocrx_word' id='word_1_121' title='bbox 353 2107 453 2150; x_wconf 90' lang='lat' dir='ltr'><strong>rernm</strong></span> <span class='ocrx_word' id='word_1_122' title='bbox 477 2097 582 2151; x_wconf 84' lang='lat' dir='ltr'><strong>natura</strong></span> <span class='ocrx_word' id='word_1_123' title='bbox 605 2109 713 2152; x_wconf 90' lang='lat' dir='ltr'><strong>causae</strong></span> <span class='ocrx_word' id='word_1_124' title='bbox 735 2090 884 2150; x_wconf 90' lang='lat' dir='ltr'><strong>exsistunt</strong></span> <span class='ocrx_word' id='word_1_125' title='bbox 906 2095 939 2166; x_wconf 88' lang='grc'><strong>(9</strong></span> <span class='ocrx_word' id='word_1_126' title='bbox 964 2089 1026 2153; x_wconf 86' lang='grc'><strong>168</strong></span> <span class='ocrx_word' id='word_1_127' title='bbox 1048 2092 1213 2166; x_wconf 87' lang='lat' dir='ltr'><strong>Cosmol.),</strong></span> <span class='ocrx_word' id='word_1_128' title='bbox 1249 2092 1329 2152; x_wconf 90' lang='lat' dir='ltr'><strong>uude</strong></span> <span class='ocrx_word' id='word_1_129' title='bbox 1351 2110 1421 2152; x_wconf 92' lang='lat' dir='ltr'><strong>con·</strong></span> 
     </span>
     <span class='ocr_line' id='line_1_16' title="bbox 299 2199 1421 2279; baseline 0.003 -20"><span class='ocrx_word' id='word_1_130' title='bbox 299 2200 437 2278; x_wconf 88' lang='lat' dir='ltr'><strong>sequitur</strong></span> <span class='ocrx_word' id='word_1_131' title='bbox 467 2201 579 2279; x_wconf 81' lang='lat' dir='ltr'><strong>figurae</strong></span> <span class='ocrx_word' id='word_1_132' title='bbox 612 2199 856 2274; x_wconf 87' lang='lat' dir='ltr'><strong>immutabilitas,</strong></span> <span class='ocrx_word' id='word_1_133' title='bbox 891 2219 990 2279; x_wconf 87' lang='lat' dir='ltr'><strong>quum</strong></span> <span class='ocrx_word' id='word_1_134' title='bbox 1020 2199 1085 2261; x_wconf 90' lang='lat' dir='ltr'><strong>sine</strong></span> <span class='ocrx_word' id='word_1_135' title='bbox 1118 2201 1262 2262; x_wconf 85' lang='lat' dir='ltr'><strong>divisione</strong></span> <span class='ocrx_word' id='word_1_136' title='bbox 1294 2200 1421 2262; x_wconf 86' lang='lat' dir='ltr'><strong>mutatio</strong></span> 
     </span>
     <span class='ocr_line' id='line_1_17' title="bbox 299 2309 1419 2389; baseline 0.003 -20"><span class='ocrx_word' id='word_1_137' title='bbox 299 2311 412 2388; x_wconf 78' lang='lat' dir='ltr'><strong>figurae</strong></span> <span class='ocrx_word' id='word_1_138' title='bbox 434 2309 549 2389; x_wconf 90' lang='lat' dir='ltr'><strong>concipi</strong></span> <span class='ocrx_word' id='word_1_139' title='bbox 574 2327 633 2370; x_wconf 93' lang='lat' dir='ltr'><strong>non</strong></span> <span class='ocrx_word' id='word_1_140' title='bbox 656 2309 768 2389; x_wconf 89' lang='lat' dir='ltr'><strong>possit,</strong></span> <span class='ocrx_word' id='word_1_141' title='bbox 792 2316 824 2370; x_wconf 91' lang='lat' dir='ltr'><strong>et</strong></span> <span class='ocrx_word' id='word_1_142' title='bbox 844 2310 871 2370; x_wconf 94' lang='lat' dir='ltr'><strong>vi</strong></span> <span class='ocrx_word' id='word_1_143' title='bbox 893 2311 1098 2371; x_wconf 81' lang='lat' dir='ltr'><strong>continuitatis</strong></span> <span class='ocrx_word' id='word_1_144' title='bbox 1118 2311 1253 2372; x_wconf 87' lang='lat' dir='ltr'><strong>absoluta</strong></span> <span class='ocrx_word' id='word_1_145' title='bbox 1276 2311 1419 2373; x_wconf 87' lang='lat' dir='ltr'><strong>densitas.</strong></span> 
     </span>
     <span class='ocr_line' id='line_1_18' title="bbox 299 2418 1422 2506; baseline 0.003 -27"><span class='ocrx_word' id='word_1_146' title='bbox 299 2418 569 2506; x_wconf 80' lang='lat' dir='ltr'><strong>lieterrninationes</strong></span> <span class='ocrx_word' id='word_1_147' title='bbox 587 2419 661 2481; x_wconf 88' lang='lat' dir='ltr'><strong>adeo</strong></span> <span class='ocrx_word' id='word_1_148' title='bbox 680 2419 859 2481; x_wconf 86' lang='lat' dir='ltr'><strong>intrinsecae</strong></span> <span class='ocrx_word' id='word_1_149' title='bbox 878 2426 950 2481; x_wconf 92' lang='lat' dir='ltr'><strong>suut</strong></span> <span class='ocrx_word' id='word_1_150' title='bbox 965 2420 1156 2495; x_wconf 84' lang='lat' dir='ltr'><strong>continuitas,</strong></span> <span class='ocrx_word' id='word_1_151' title='bbox 1180 2421 1422 2500; x_wconf 88' lang='lat' dir='ltr'><strong>partiumactua-</strong></span> 
     </span>
     <span class='ocr_line' id='line_1_19' title="bbox 299 2529 1422 2610; baseline 0.002 -20"><span class='ocrx_word' id='word_1_152' title='bbox 299 2530 373 2590; x_wconf 92' lang='lat' dir='ltr'><strong>lium</strong></span> <span class='ocrx_word' id='word_1_153' title='bbox 396 2530 543 2606; x_wconf 82' lang='lat' dir='ltr'><strong>exclusio,</strong></span> <span class='ocrx_word' id='word_1_154' title='bbox 579 2531 673 2610; x_wconf 82' lang='lat' dir='ltr'><strong>figura</strong></span> <span class='ocrx_word' id='word_1_155' title='bbox 702 2549 738 2592; x_wconf 90' lang='lat' dir='ltr'><strong>ac</strong></span> <span class='ocrx_word' id='word_1_156' title='bbox 767 2529 860 2590; x_wconf 90' lang='lat' dir='ltr'><strong>moles</strong></span> <span class='ocrx_word' id='word_1_157' title='bbox 890 2529 1102 2604; x_wconf 89' lang='lat' dir='ltr'><strong>immutabilis,</strong></span> <span class='ocrx_word' id='word_1_158' title='bbox 1137 2529 1357 2592; x_wconf 80' lang='lat' dir='ltr'><strong>indivisibilitas</strong></span> <span class='ocrx_word' id='word_1_159' title='bbox 1387 2549 1422 2592; x_wconf 85' lang='lat' dir='ltr'><strong>ex</strong></span> 
     </span>
     <span class='ocr_line' id='line_1_20' title="bbox 299 2641 1421 2722; baseline 0.002 -21"><span class='ocrx_word' id='word_1_160' title='bbox 299 2641 416 2704; x_wconf 87' lang='lat' dir='ltr'><strong>defectu</strong></span> <span class='ocrx_word' id='word_1_161' title='bbox 450 2641 626 2717; x_wconf 88' lang='lat' dir='ltr'><strong>dividentis,</strong></span> <span class='ocrx_word' id='word_1_162' title='bbox 672 2642 808 2703; x_wconf 89' lang='lat' dir='ltr'><strong>absoluta</strong></span> <span class='ocrx_word' id='word_1_163' title='bbox 842 2641 985 2704; x_wconf 90' lang='lat' dir='ltr'><strong>densitas.</strong></span> <span class='ocrx_word' id='word_1_164' title='bbox 1044 2642 1101 2702; x_wconf 91' lang='lat' dir='ltr'><strong>Sed</strong></span> <span class='ocrx_word' id='word_1_165' title='bbox 1135 2641 1281 2722; x_wconf 89' lang='lat' dir='ltr'><strong>quidquid</strong></span> <span class='ocrx_word' id='word_1_166' title='bbox 1314 2642 1421 2704; x_wconf 90' lang='lat' dir='ltr'><strong>borum</strong></span> 
     </span>
     <span class='ocr_line' id='line_1_21' title="bbox 298 2749 1422 2830; baseline -0.001 -19"><span class='ocrx_word' id='word_1_167' title='bbox 298 2751 429 2829; x_wconf 83' lang='lat' dir='ltr'><strong>cogites,</strong></span> <span class='ocrx_word' id='word_1_168' title='bbox 464 2752 525 2812; x_wconf 90' lang='lat' dir='ltr'><strong>sire</strong></span> <span class='ocrx_word' id='word_1_169' title='bbox 562 2752 651 2812; x_wconf 89' lang='lat' dir='ltr'><strong>etiam</strong></span> <span class='ocrx_word' id='word_1_170' title='bbox 688 2769 794 2812; x_wconf 90' lang='lat' dir='ltr'><strong>omues</strong></span> <span class='ocrx_word' id='word_1_171' title='bbox 831 2751 904 2812; x_wconf 89' lang='lat' dir='ltr'><strong>istas</strong></span> <span class='ocrx_word' id='word_1_172' title='bbox 941 2749 1206 2812; x_wconf 83' lang='lat' dir='ltr'><strong>determinationes</strong></span> <span class='ocrx_word' id='word_1_173' title='bbox 1235 2751 1325 2811; x_wconf 88' lang='lat' dir='ltr'><strong>simul</strong></span> <span class='ocrx_word' id='word_1_174' title='bbox 1355 2769 1422 2830; x_wconf 91' lang='lat' dir='ltr'><strong>per-</strong></span> 
     </span>
     <span class='ocr_line' id='line_1_22' title="bbox 298 2859 1422 2939; baseline 0 -19"><span class='ocrx_word' id='word_1_175' title='bbox 298 2861 422 2939; x_wconf 88' lang='lat' dir='ltr'><strong>pendas,</strong></span> <span class='ocrx_word' id='word_1_176' title='bbox 447 2866 629 2920; x_wconf 86' lang='lat' dir='ltr'><strong>nontamen</strong></span> <span class='ocrx_word' id='word_1_177' title='bbox 652 2859 810 2939; x_wconf 82' lang='lat' dir='ltr'><strong>intelliges,</strong></span> <span class='ocrx_word' id='word_1_178' title='bbox 836 2879 890 2921; x_wconf 87' lang='lat' dir='ltr'><strong>our</strong></span> <span class='ocrx_word' id='word_1_179' title='bbox 911 2860 1002 2920; x_wconf 85' lang='lat' dir='ltr'><strong>atomi</strong></span> <span class='ocrx_word' id='word_1_180' title='bbox 1026 2859 1194 2920; x_wconf 90' lang='lat' dir='ltr'><strong>materiales</strong></span> <span class='ocrx_word' id='word_1_181' title='bbox 1210 2859 1353 2920; x_wconf 83' lang='lat' dir='ltr'><strong>exsistere</strong></span> <span class='ocrx_word' id='word_1_182' title='bbox 1371 2860 1422 2920; x_wconf 90' lang='lat' dir='ltr'><strong>de-</strong></span> 
     </span>
     <span class='ocr_line' id='line_1_23' title="bbox 298 2967 1421 3048; baseline 0 -20"><span class='ocrx_word' id='word_1_183' title='bbox 298 2969 399 3030; x_wconf 90' lang='lat' dir='ltr'><strong>beant.</strong></span> <span class='ocrx_word' id='word_1_184' title='bbox 456 2967 656 3039; x_wconf 86' lang='lat' dir='ltr'><strong>Quamobrem</strong></span> <span class='ocrx_word' id='word_1_185' title='bbox 690 2987 781 3048; x_wconf 91' lang='lat' dir='ltr'><strong>quum</strong></span> <span class='ocrx_word' id='word_1_186' title='bbox 816 2969 1098 3030; x_wconf 89' lang='lat' dir='ltr'><strong>determinationum</strong></span> <span class='ocrx_word' id='word_1_187' title='bbox 1132 2969 1259 3030; x_wconf 88' lang='lat' dir='ltr'><strong>istarum</strong></span> <span class='ocrx_word' id='word_1_188' title='bbox 1292 2969 1368 3030; x_wconf 89' lang='lat' dir='ltr'><strong>aliae</strong></span> <span class='ocrx_word' id='word_1_189' title='bbox 1390 2969 1421 3028; x_wconf 94' lang='lat' dir='ltr'><strong>in</strong></span> 
     </span>
     <span class='ocr_line' id='line_1_24' title="bbox 298 3075 1419 3154; baseline 0.001 -15"><span class='ocrx_word' id='word_1_190' title='bbox 298 3097 424 3140; x_wconf 90' lang='lat' dir='ltr'><strong>numero</strong></span> <span class='ocrx_word' id='word_1_191' title='bbox 447 3077 661 3152; x_wconf 86' lang='lat' dir='ltr'><strong>essentialium,</strong></span> <span class='ocrx_word' id='word_1_192' title='bbox 686 3078 761 3140; x_wconf 89' lang='lat' dir='ltr'><strong>aliae</strong></span> <span class='ocrx_word' id='word_1_193' title='bbox 782 3079 813 3140; x_wconf 93' lang='lat' dir='ltr'><strong>in</strong></span> <span class='ocrx_word' id='word_1_194' title='bbox 836 3078 1047 3140; x_wconf 87' lang='lat' dir='ltr'><strong>attributorum</strong></span> <span class='ocrx_word' id='word_1_195' title='bbox 1070 3097 1195 3140; x_wconf 90' lang='lat' dir='ltr'><strong>numero</strong></span> <span class='ocrx_word' id='word_1_196' title='bbox 1218 3079 1280 3140; x_wconf 90' lang='lat' dir='ltr'><strong>sint</strong></span> <span class='ocrx_word' id='word_1_197' title='bbox 1301 3075 1419 3154; x_wconf 78' lang='grc'>(9143,</span> 
     </span>
     <span class='ocr_line' id='line_1_25' title="bbox 228 3186 1422 3263; baseline -0.003 -9"><span class='ocrx_word' id='word_1_198' title='bbox 228 3243 236 3254; x_wconf 98' lang='grc'>.</span> <span class='ocrx_word' id='word_1_199' title='bbox 300 3186 362 3250; x_wconf 82' lang='lat' dir='ltr'><strong>tto</strong></span> <span class='ocrx_word' id='word_1_200' title='bbox 384 3188 502 3263; x_wconf 86' lang='lat' dir='ltr'><strong>Ontol.)</strong></span> <span class='ocrx_word' id='word_1_201' title='bbox 526 3189 556 3249; x_wconf 94' lang='lat' dir='ltr'><strong>in</strong></span> <span class='ocrx_word' id='word_1_202' title='bbox 579 3188 708 3250; x_wconf 88' lang='lat' dir='ltr'><strong>essentia</strong></span> <span class='ocrx_word' id='word_1_203' title='bbox 731 3193 898 3250; x_wconf 87' lang='lat' dir='ltr'><strong>atomorum</strong></span> <span class='ocrx_word' id='word_1_204' title='bbox 922 3189 1120 3250; x_wconf 88' lang='lat' dir='ltr'><strong>materialium</strong></span> <span class='ocrx_word' id='word_1_205' title='bbox 1136 3189 1212 3249; x_wconf 90' lang='lat' dir='ltr'><strong>ratio</strong></span> <span class='ocrx_word' id='word_1_206' title='bbox 1232 3189 1422 3250; x_wconf 86' lang='lat' dir='ltr'><strong>exsistentiae</strong></span> 
     </span>
     <span class='ocr_line' id='line_1_26' title="bbox 299 3295 1419 3387; baseline -0.001 -28"><span class='ocrx_word' id='word_1_207' title='bbox 299 3317 359 3387; x_wconf 73' lang='lat' dir='ltr'><strong>nou</strong></span> <span class='ocrx_word' id='word_1_208' title='bbox 382 3299 554 3360; x_wconf 89' lang='lat' dir='ltr'><strong>continetur</strong></span> <span class='ocrx_word' id='word_1_209' title='bbox 576 3304 610 3374; x_wconf 92' lang='grc'><strong>(9</strong></span> <span class='ocrx_word' id='word_1_210' title='bbox 620 3295 663 3361; x_wconf 82' lang='lat'><strong>56</strong></span> <span class='ocrx_word' id='word_1_211' title='bbox 685 3299 814 3375; x_wconf 80' lang='lat' dir='ltr'><strong>caton).</strong></span> <span class='ocrx_word' id='word_1_212' title='bbox 850 3299 914 3359; x_wconf 92' lang='lat' dir='ltr'><strong>Non</strong></span> <span class='ocrx_word' id='word_1_213' title='bbox 938 3298 1029 3378; x_wconf 77' lang='lat' dir='ltr'><strong>igitur</strong></span> <span class='ocrx_word' id='word_1_214' title='bbox 1050 3305 1122 3360; x_wconf 88' lang='lat' dir='ltr'><strong>sunt</strong></span> <span class='ocrx_word' id='word_1_215' title='bbox 1143 3317 1229 3359; x_wconf 89' lang='lat' dir='ltr'><strong>ensa</strong></span> <span class='ocrx_word' id='word_1_216' title='bbox 1252 3317 1284 3360; x_wconf 92' lang='lat' dir='ltr'><strong>se</strong></span> <span class='ocrx_word' id='word_1_217' title='bbox 1307 3295 1419 3374; x_wconf 88' lang='grc'>(931).</span> 
     </span>
     <span class='ocr_line' id='line_1_27' title="bbox 298 3408 1421 3488; baseline -0.003 -17"><span class='ocrx_word' id='word_1_218' title='bbox 298 3409 460 3471; x_wconf 80' lang='lat' dir='ltr'><strong>Materia</strong></span> <span class='ocrx_word' id='word_1_219' title='bbox 484 3408 658 3470; x_wconf 89' lang='lat' dir='ltr'><strong>indivisa</strong></span> <span class='ocrx_word' id='word_1_220' title='bbox 681 3427 749 3470; x_wconf 90' lang='lat' dir='ltr'><strong>seu</strong></span> <span class='ocrx_word' id='word_1_221' title='bbox 772 3408 987 3470; x_wconf 91' lang='lat' dir='ltr'><strong>uniformis</strong></span> <span class='ocrx_word' id='word_1_222' title='bbox 1009 3414 1231 3488; x_wconf 87' lang='lat' dir='ltr'><strong>nonpotest</strong></span> <span class='ocrx_word' id='word_1_223' title='bbox 1256 3428 1337 3469; x_wconf 91' lang='lat' dir='ltr'><strong>esse</strong></span> <span class='ocrx_word' id='word_1_224' title='bbox 1360 3427 1421 3468; x_wconf 92' lang='lat' dir='ltr'><strong>ens</strong></span> 
     </span>
     <span class='ocr_line' id='line_1_28' title="bbox 296 3517 1422 3580; baseline -0.002 0"><span class='ocrx_word' id='word_1_225' title='bbox 296 3535 387 3580; x_wconf 88' lang='lat' dir='ltr'><strong>ase.</strong></span> <span class='ocrx_word' id='word_1_226' title='bbox 432 3519 552 3580; x_wconf 81' lang='lat' dir='ltr'><strong>Etenim</strong></span> <span class='ocrx_word' id='word_1_227' title='bbox 582 3519 612 3579; x_wconf 91' lang='lat' dir='ltr'><strong>in</strong></span> <span class='ocrx_word' id='word_1_228' title='bbox 643 3518 766 3580; x_wconf 88' lang='lat' dir='ltr'><strong>materia</strong></span> <span class='ocrx_word' id='word_1_229' title='bbox 797 3519 921 3579; x_wconf 84' lang='lat' dir='ltr'><strong>indivisa</strong></span> <span class='ocrx_word' id='word_1_230' title='bbox 952 3537 1004 3580; x_wconf 88' lang='lat' dir='ltr'><strong>seu</strong></span> <span class='ocrx_word' id='word_1_231' title='bbox 1034 3518 1175 3579; x_wconf 80' lang='lat' dir='ltr'><strong>uniformi</strong></span> <span class='ocrx_word' id='word_1_232' title='bbox 1205 3517 1243 3579; x_wconf 91' lang='lat' dir='ltr'><strong>ob</strong></span> <span class='ocrx_word' id='word_1_233' title='bbox 1272 3517 1422 3579; x_wconf 91' lang='lat' dir='ltr'><strong>continui·</strong></span> 
     </span>
     <span class='ocr_line' id='line_1_29' title="bbox 298 3626 1420 3708; baseline 0 -20"><span class='ocrx_word' id='word_1_234' title='bbox 298 3637 389 3689; x_wconf 84' lang='lat' dir='ltr'><strong>tatem</strong></span> <span class='ocrx_word' id='word_1_235' title='bbox 412 3645 471 3688; x_wconf 92' lang='lat' dir='ltr'><strong>non</strong></span> <span class='ocrx_word' id='word_1_236' title='bbox 495 3628 720 3707; x_wconf 83' lang='lat' dir='ltr'><strong>distinguuntur</strong></span> <span class='ocrx_word' id='word_1_237' title='bbox 742 3627 800 3688; x_wconf 90' lang='lat' dir='ltr'><strong>nisi</strong></span> <span class='ocrx_word' id='word_1_238' title='bbox 822 3634 922 3708; x_wconf 85' lang='lat' dir='ltr'><strong>partes</strong></span> <span class='ocrx_word' id='word_1_239' title='bbox 938 3626 1097 3708; x_wconf 87' lang='lat' dir='ltr'><strong>possibiles</strong></span> <span class='ocrx_word' id='word_1_240' title='bbox 1114 3633 1145 3688; x_wconf 88' lang='lat' dir='ltr'><strong>et</strong></span> <span class='ocrx_word' id='word_1_241' title='bbox 1160 3633 1311 3707; x_wconf 88' lang='lat' dir='ltr'><strong>praeterea</strong></span> <span class='ocrx_word' id='word_1_242' title='bbox 1324 3627 1420 3688; x_wconf 89' lang='lat' dir='ltr'><strong>eidem</strong></span> 
     </span>
     <span class='ocr_line' id='line_1_30' title="bbox 298 3737 1422 3818; baseline 0.001 -20"><span class='ocrx_word' id='word_1_243' title='bbox 298 3737 443 3798; x_wconf 86' lang='lat' dir='ltr'><strong>tribuitur</strong></span> <span class='ocrx_word' id='word_1_244' title='bbox 465 3737 662 3799; x_wconf 86' lang='lat' dir='ltr'><strong>divisibilitas.</strong></span> <span class='ocrx_word' id='word_1_245' title='bbox 708 3738 767 3798; x_wconf 85' lang='lat' dir='ltr'><strong>Sed</strong></span> <span class='ocrx_word' id='word_1_246' title='bbox 791 3755 888 3816; x_wconf 91' lang='lat' dir='ltr'><strong>neque</strong></span> <span class='ocrx_word' id='word_1_247' title='bbox 911 3757 965 3818; x_wconf 90' lang='lat' dir='ltr'><strong>per</strong></span> <span class='ocrx_word' id='word_1_248' title='bbox 988 3738 1221 3799; x_wconf 79' lang='lat' dir='ltr'><strong>uniformitatem</strong></span> <span class='ocrx_word' id='word_1_249' title='bbox 1249 3755 1346 3818; x_wconf 86' lang='lat' dir='ltr'><strong>neque</strong></span> <span class='ocrx_word' id='word_1_250' title='bbox 1368 3757 1422 3818; x_wconf 92' lang='lat' dir='ltr'><strong>per</strong></span> 
     </span>
     <span class='ocr_line' id='line_1_31' title="bbox 298 3845 1421 3928; baseline 0.001 -20"><span class='ocrx_word' id='word_1_251' title='bbox 298 3847 429 3928; x_wconf 89' lang='lat' dir='ltr'><strong>partium</strong></span> <span class='ocrx_word' id='word_1_252' title='bbox 452 3846 612 3908; x_wconf 81' lang='lat' dir='ltr'><strong>actualium</strong></span> <span class='ocrx_word' id='word_1_253' title='bbox 642 3845 843 3908; x_wconf 83' lang='lat' dir='ltr'><strong>exclusionem</strong></span> <span class='ocrx_word' id='word_1_254' title='bbox 874 3865 972 3927; x_wconf 91' lang='lat' dir='ltr'><strong>neque</strong></span> <span class='ocrx_word' id='word_1_255' title='bbox 995 3865 1047 3927; x_wconf 93' lang='lat' dir='ltr'><strong>per</strong></span> <span class='ocrx_word' id='word_1_256' title='bbox 1075 3848 1302 3910; x_wconf 87' lang='lat' dir='ltr'><strong>continuitatem</strong></span> <span class='ocrx_word' id='word_1_257' title='bbox 1325 3867 1421 3928; x_wconf 87' lang='lat' dir='ltr'><strong>neque</strong></span> 
     </span>
     <span class='ocr_line' id='line_1_32' title="bbox 299 3951 1421 4038; baseline 0 -20"><span class='ocrx_word' id='word_1_258' title='bbox 299 3977 353 4038; x_wconf 88' lang='lat' dir='ltr'><strong>per</strong></span> <span class='ocrx_word' id='word_1_259' title='bbox 375 3955 606 4018; x_wconf 88' lang='lat' dir='ltr'><strong>divisibilitatem</strong></span> <span class='ocrx_word' id='word_1_260' title='bbox 628 3955 754 4036; x_wconf 74' lang='lat' dir='ltr'><strong>intelligi</strong></span> <span class='ocrx_word' id='word_1_261' title='bbox 777 3963 893 4036; x_wconf 90' lang='lat' dir='ltr'><strong>potest,</strong></span> <span class='ocrx_word' id='word_1_262' title='bbox 925 3975 979 4018; x_wconf 91' lang='lat' dir='ltr'><strong>cur</strong></span> <span class='ocrx_word' id='word_1_263' title='bbox 1000 3951 1168 4020; x_wconf 79' lang='lat' dir='ltr'><strong>istiusmodi</strong></span> <span class='ocrx_word' id='word_1_264' title='bbox 1191 3964 1346 4020; x_wconf 89' lang='lat' dir='ltr'><strong>extensum</strong></span> <span class='ocrx_word' id='word_1_265' title='bbox 1370 3977 1421 4019; x_wconf 90' lang='lat' dir='ltr'><strong>ne-</strong></span> 
     </span>
     <span class='ocr_line' id='line_1_33' title="bbox 299 4066 1421 4154; baseline 0 -26"><span class='ocrx_word' id='word_1_266' title='bbox 299 4067 429 4154; x_wconf 84' lang='lat' dir='ltr'><strong>cessario</strong></span> <span class='ocrx_word' id='word_1_267' title='bbox 466 4067 609 4128; x_wconf 85' lang='lat' dir='ltr'><strong>exsistere</strong></span> <span class='ocrx_word' id='word_1_268' title='bbox 645 4066 761 4128; x_wconf 88' lang='lat' dir='ltr'><strong>debeat.</strong></span> <span class='ocrx_word' id='word_1_269' title='bbox 815 4067 899 4128; x_wconf 86' lang='lat' dir='ltr'><strong>Unde</strong></span> <span class='ocrx_word' id='word_1_270' title='bbox 928 4068 1032 4129; x_wconf 89' lang='lat' dir='ltr'><strong>eodem</strong></span> <span class='ocrx_word' id='word_1_271' title='bbox 1070 4085 1130 4146; x_wconf 87' lang='lat' dir='ltr'><strong>quo</strong></span> <span class='ocrx_word' id='word_1_272' title='bbox 1159 4069 1188 4128; x_wconf 93' lang='lat' dir='ltr'><strong>in</strong></span> <span class='ocrx_word' id='word_1_273' title='bbox 1218 4068 1421 4147; x_wconf 81' lang='lat' dir='ltr'><strong>propositione</strong></span> 
     </span>
     <span class='ocr_line' id='line_1_34' title="bbox 299 4176 1421 4257; baseline 0.001 -21"><span class='ocrx_word' id='word_1_274' title='bbox 299 4177 494 4256; x_wconf 88' lang='lat' dir='ltr'><strong>praecedente</strong></span> <span class='ocrx_word' id='word_1_275' title='bbox 516 4177 606 4237; x_wconf 87' lang='lat' dir='ltr'><strong>modo</strong></span> <span class='ocrx_word' id='word_1_276' title='bbox 628 4183 719 4257; x_wconf 76' lang='lat' dir='ltr'><strong>patet,</strong></span> <span class='ocrx_word' id='word_1_277' title='bbox 745 4177 898 4238; x_wconf 89' lang='lat' dir='ltr'><strong>materiam</strong></span> <span class='ocrx_word' id='word_1_278' title='bbox 920 4177 1076 4240; x_wconf 87' lang='lat' dir='ltr'><strong>indivisam</strong></span> <span class='ocrx_word' id='word_1_279' title='bbox 1097 4195 1149 4238; x_wconf 88' lang='lat' dir='ltr'><strong>seu</strong></span> <span class='ocrx_word' id='word_1_280' title='bbox 1166 4176 1344 4238; x_wconf 79' lang='lat' dir='ltr'><strong>uniformem</strong></span> <span class='ocrx_word' id='word_1_281' title='bbox 1360 4195 1421 4237; x_wconf 93' lang='lat' dir='ltr'><strong>non</strong></span> 
     </span>
     <span class='ocr_line' id='line_1_35' title="bbox 299 4287 1421 4368; baseline 0.001 -22"><span class='ocrx_word' id='word_1_282' title='bbox 299 4303 532 4367; x_wconf 87' lang='lat' dir='ltr'><strong>posseeasoens</strong></span> <span class='ocrx_word' id='word_1_283' title='bbox 550 4303 566 4347; x_wconf 86' lang='lat' dir='ltr'><strong>a</strong></span> <span class='ocrx_word' id='word_1_284' title='bbox 584 4305 626 4348; x_wconf 90' lang='lat' dir='ltr'><strong>se.</strong></span> <span class='ocrx_word' id='word_1_285' title='bbox 668 4287 834 4350; x_wconf 88' lang='lat' dir='ltr'><strong>Mundus</strong></span> <span class='ocrx_word' id='word_1_286' title='bbox 856 4287 1152 4368; x_wconf 90' lang='lat' dir='ltr'><strong>adspectabilis</strong></span> <span class='ocrx_word' id='word_1_287' title='bbox 1174 4306 1248 4348; x_wconf 93' lang='lat' dir='ltr'><strong>non</strong></span> <span class='ocrx_word' id='word_1_288' title='bbox 1272 4293 1333 4348; x_wconf 89' lang='lat' dir='ltr'><strong>est</strong></span> <span class='ocrx_word' id='word_1_289' title='bbox 1354 4303 1421 4348; x_wconf 92' lang='lat' dir='ltr'><strong>ens</strong></span> 
     </span>
     <span class='ocr_line' id='line_1_36' title="bbox 299 4397 1421 4478; baseline 0.002 -21"><span class='ocrx_word' id='word_1_290' title='bbox 299 4398 589 4472; x_wconf 85' lang='lat' dir='ltr'><strong>necessarium,</strong></span> <span class='ocrx_word' id='word_1_291' title='bbox 621 4398 687 4460; x_wconf 90' lang='lat' dir='ltr'><strong>sed</strong></span> <span class='ocrx_word' id='word_1_292' title='bbox 717 4400 968 4478; x_wconf 80' lang='lat' dir='ltr'><strong>contingens.</strong></span> <span class='ocrx_word' id='word_1_293' title='bbox 1015 4398 1142 4460; x_wconf 82' lang='lat' dir='ltr'><strong>blundus</strong></span> <span class='ocrx_word' id='word_1_294' title='bbox 1165 4397 1244 4459; x_wconf 90' lang='lat' dir='ltr'><strong>enim</strong></span> <span class='ocrx_word' id='word_1_295' title='bbox 1267 4397 1421 4477; x_wconf 86' lang='lat' dir='ltr'><strong>adspecta-</strong></span> 
     </span>
    </p>
   </div>
   <div class='ocr_carea' id='block_1_3' title="bbox 0 0 1638 5058">
    <p class='ocr_par' dir='ltr' id='par_1_3' title="bbox 0 0 1638 5058">
     <span class='ocr_line' id='line_1_37' title="bbox 0 0 1638 5058; baseline 0 0"><span class='ocrx_word' id='word_1_296' title='bbox 0 0 1638 5058; x_wconf 95' lang='lat' dir='ltr'><strong> </strong></span> 
     </span>
    </p>
   </div>
  </div>
 </body>
</html>
