3260 5058
695 447 1020 517 -psffl

293 627 631 710 perfeetissimam
665 645 732 691 esse
764 627 955 709 cogitandum
988 629 1076 692 nobis
1109 635 1165 691 est.
1221 627 1316 692 Deum
1350 647 1416 692 esse

293 757 462 810 summum,
497 739 545 800 oui
576 739 676 800 omnia
702 737 836 819 subjecta
866 747 953 815 sont,
987 740 1046 801 boo
1075 739 1205 818 denique
1234 739 1309 802 nibil
1335 739 1416 801 aliud

294 849 459 929 signifieat,
493 847 551 910 uisi
575 849 655 928 quod
688 849 820 910 mundus
849 855 881 909 et
909 848 959 928 qui
983 848 1123 910 sensibus
1145 847 1298 928 subjeetus
1320 859 1367 910 est
1388 857 1417 911 et

293 959 345 1040 qui
367 959 506 1020 sensibus
528 958 640 1038 poroipi
662 959 767 1038 nequit
783 957 947 1020 seeundum
967 958 1112 1038 originem
1130 959 1417 1038 perpetuitatemque

292 1088 310 1131 a
332 1069 394 1130 Deo
416 1067 579 1148 dependet,
616 1087 651 1130 ex
674 1085 736 1148 quo
756 1067 895 1129 notiones
928 1068 1187 1129 causalitatis
1217 1076 1247 1129 et
1276 1068 1417 1147 gober-

294 1179 471 1240 nationis
493 1186 672 1258 sequuntur.

378 1288 442 1359 Qua
464 1288 597 1350 numinis
620 1285 711 1348 divini
734 1285 907 1349 delinitione
937 1287 1064 1348 breviter
1084 1287 1236 1367 proposita
1259 1287 1415 1367 theologus

292 1398 330 1460 ad
352 1397 635 1458 demonstrationem
657 1415 712 1477 pru
728 1397 781 1459 Ilei
805 1397 974 1460 exsistentia
998 1417 1033 1458 ex
1055 1398 1178 1472 mundo,
1203 1397 1253 1476 qui
1277 1397 1416 1459 sensibus

293 1507 406 1589 percipi
436 1525 496 1570 ooo
530 1513 629 1588 potest
660 1505 934 1588 transgreditur⁷).
978 1509 1043 1570 lam
1076 1525 1169 1587 quom
1204 1525 1296 1570 uuum
1325 1509 1415 1569 modo

292 1635 362 1693 eos,
398 1617 477 1697 quod
510 1616 546 1678 ad
569 1617 715 1680 mundum
748 1616 889 1678 sensibus
921 1633 982 1678 non
1016 1617 1240 1697 percipiendum
1275 1619 1412 1697 pertinet,

292 1728 384 1790 bomo
406 1727 529 1802 scilieet,
553 1726 641 1788 nobis
663 1727 704 1788 sit
725 1735 840 1802 notum,
864 1727 1081 1788 demonstratio
1102 1743 1157 1806 pro
1170 1725 1222 1788 uei
1245 1727 1414 1789 exsistentia

293 1837 446 1900 emunda
468 1837 521 1917 qni
550 1837 691 1899 sensibus
723 1837 835 1918 percipi
870 1837 973 1917 nequit
1005 1838 1036 1898 in
1070 1845 1339 1916 argumentum
1373 1853 1415 1900 es

296 1947 510 2027 praeclaro
529 1947 633 2008 ritae
666 1947 855 2009 humanae
889 1947 971 2008 line
1002 1947 1136 2008 uertitur.
1181 1946 1330 2008 Facultato
1361 1963 1415 2008 sua

291 2056 496 2135 cogitandi
526 2057 562 2116 ad
593 2055 814 2136 adipiscendam
844 2056 1072 2131 veritatem,
1107 2057 1245 2118 facultate
1274 2073 1327 2118 sua
1350 2073 1415 2117 vo·

290 2165 400 2227 lendi
430 2166 467 2226 ad
490 2165 623 2228 studium
652 2165 819 2227 virtutis
848 2165 938 2228 bomo
960 2173 1119 2245 generatos
1146 2177 1208 2242 est;
1242 2167 1341 2246 itaque
1363 2167 1415 2229 de·

290 2275 466 2337 monstratio
488 2275 519 2336 in
542 2275 615 2336 baeo
636 2275 696 2336 duo
718 2282 892 2354 argumenta
915 2275 1068 2351 dividitur,
1092 2276 1301 2338 ereoseilioet
1321 2277 1414 2356 quod

290 2385 334 2446 ad
368 2383 690 2464 adispiscendam
724 2384 933 2448 veritatem
966 2394 1004 2446 et
1033 2387 1135 2465 quod
1168 2387 1212 2448 ad
1240 2387 1413 2448 studium

290 2495 460 2556 uirtutis
492 2495 604 2555 homo
637 2502 753 2556 uatus
785 2493 896 2571 θεῖ’).
953 2495 1185 2576 conqueruntur
1212 2496 1347 2576 plerique
1375 2496 1413 2558 de

290 2603 428 2667 terminis
450 2605 501 2684 qui
524 2605 637 2666 bomini
659 2604 697 2666 ab
719 2606 775 2666 bae
797 2623 873 2685 quae
903 2623 1011 2668 sensus
1034 2613 1156 2686 superat
1176 2614 1259 2686 porte
1282 2603 1413 2686 impositi

290 2715 353 2778 sint
374 2725 404 2777 et
424 2714 744 2793 inoomprabensibiles
765 2733 818 2775 eos
837 2713 992 2794 judicant,
1028 2716 1081 2776 sed
1109 2716 1176 2785 sine
1201 2715 1283 2795 justa
1311 2733 1410 2777 earne.

289 2827 363 2887 Nem
386 2825 417 2886 bi
439 2824 558 2886 termini
581 2843 616 2885 ex
629 2825 701 2904 ¹ipsa
724 2826 940 2904 temperatione
956 2834 1056 2887 nostra
1075 2826 1163 2888 veluti
1181 2827 1309 2887 humana
1327 2826 1413 2905 plane

291 2934 577 3014 comprehensibiles
599 2933 638 2995 ob
660 2951 787 3013 eamque
800 2935 890 3014 positi
913 2943 994 3010 sunt,
1018 2935 1096 2996 siout
1111 2935 1342 2996 omnisomuino
1365 2951 1413 2995 res

291 3052 326 3106 ut
355 3043 411 3104 heo
441 3042 560 3104 delinita
594 3044 687 3104 lorma
717 3043 859 3104 exsistere
888 3045 984 3124 possit
1012 3043 1155 3124 quosdam
1190 3053 1313 3106 naturae
1342 3063 1412 3106 suae

289 3153 428 3235 proprios
452 3153 594 3215 terminos
616 3153 706 3214 babet
735 3169 830 3233 eoque
849 3152 911 3234 jam
935 3153 990 3216 etsi
1020 3153 1204 3215 subobscure
1225 3161 1340 3215 tanturn
1363 3171 1413 3215 es-

289 3263 456 3326 sistentiam
480 3263 558 3324 entis
579 3261 706 3344 alicujus
722 3263 842 3339 indicat,
866 3263 946 3343 quod
963 3281 1155 3343 quascunque
1171 3264 1281 3324 formas
1298 3264 1412 3324 ratione

289 3373 544 3453 eomprehendam
571 3381 660 3453 atque
688 3391 721 3434 re
748 3391 816 3434 vera
845 3374 963 3435 eldoere
991 3373 1132 3454 potuerit
1176 3373 1242 3436 lam
1276 3374 1413 3453 sequitur

289 3491 497 3563 argumentum
540 3501 596 3561 pro
632 3482 686 3543 Ilei
723 3483 892 3544 exsistentia
929 3501 965 3545 ex
1001 3501 1037 3544 eo
1071 3482 1174 3562 quod
1218 3483 1330 3544 bomo
1369 3482 1412 3544 ad

289 3592 587 3673 adipiscendam
610 3590 815 3653 veritatem
838 3603 1053 3671 generatus
1077 3601 1153 3669 est,
1177 3611 1267 3672 qutun
1288 3592 1412 3653 demon·

290 3703 466 3764 strationem·
485 3701 613 3780 scriptor
635 3701 682 3761 lris
705 3701 766 3762 lere
788 3701 886 3762 uerbis
915 3701 940 3762 si
963 3703 1043 3782 quod
1066 3703 1240 3764 Germaniae
1267 3704 1409 3782 scriptum

290 3822 336 3876 est
378 3813 412 3875 ia
451 3812 583 3892 linguam
625 3809 760 3874 Latinam
794 3811 937 3874 vertimus
970 3812 1156 3894 breviterque
1198 3813 1411 3893 adstringimus

358 4091 387 4156 7)
406 4091 438 4140 ol.
457 4089 476 4142 l.
497 4106 519 4141 o.
541 4089 723 4142 Commentatio
740 4089 778 4142 xl
796 4105 820 4157 p.
840 4091 950 4144 bod—d.

358 4200 387 4264 8)
407 4200 434 4250 si
452 4199 546 4250 usitata
559 4207 762 4263 argumentorum
775 4215 821 4266 pro
833 4199 881 4251 uei
896 4199 1045 4251 exsistentia
1060 4198 1159 4249 nomios
1177 4197 1323 4248 adhibemus
1340 4199 1410 4265 prius

290 4282 352 4334 illud
380 4284 446 4349 quod
472 4285 518 4334 boo
544 4283 600 4334 loeo
627 4283 732 4352 amplius
768 4283 984 4352 contemplandum
1010 4283 1082 4335 nobis
1108 4281 1160 4334 erit
1184 4281 1409 4347 ootologieum

291 4368 397 4420 alterum
416 4370 561 4422 ellicum
579 4377 650 4421 reete
668 4367 849 4438 appellabimus
