3260 5058
647 451 993 522 -ldl—

254 635 384 716 ipsius
414 633 599 694 consciae
629 633 781 694 notionem
812 633 1013 696 defenderent.
1058 634 1154 715 Supra
1173 634 1235 715 jam
1259 633 1320 696 ct.
1345 635 1376 696 i'.

254 743 438 807 Sintenis
461 743 643 803 mentionem
668 742 808 817 fecimus,
843 743 895 822 qui
919 745 949 804 in
980 743 1058 805 libro
1081 761 1136 805 suo
1158 743 1294 806 litteren
1318 745 1379 806 siue

254 855 291 915 de
301 853 355 914 Dei
380 851 549 912 exsistentia
572 851 717 931 inscripto
739 852 816 912 benc
837 853 933 932 ipsam
957 853 1090 915 numinis
1111 853 1203 914 divini
1227 854 1377 916 notionem

255 963 334 1024 clare
356 961 555 1040 distincteque
577 961 717 1041 proponit
732 959 782 1036 ¹³).
821 962 940 1022 llecedit
961 961 998 1023 ad
1021 979 1090 1024 eum
1112 963 1129 1023 J
1137 962 1268 1036 acobi,
1292 963 1378 1043 cuijus

255 1074 328 1133 baec
360 1071 422 1132 lere
451 1071 539 1132 rerba
571 1078 659 1146 sunt;
694 1071 794 1150 „quod
826 1071 954 1132 essentia
983 1089 1035 1132 sua
1066 1089 1161 1133 unum
1194 1080 1241 1133 est
1269 1073 1377 1147 (Deus)

257 1199 344 1257 „cum
378 1179 431 1240 illo
464 1180 545 1259 quod
579 1180 707 1240 essentia
741 1198 794 1240 sua
824 1197 995 1241 uon-unum
1024 1187 1070 1242 est
1091 1181 1234 1242 conlundi
1262 1181 1376 1260 nequit.

261 1289 365 1366 „erod
393 1307 425 1349 se
447 1289 547 1368 ipsum
578 1288 747 1368 percipiens
776 1297 805 1349 et
834 1289 1000 1350 libertatem
1024 1297 1054 1351 et
1067 1277 1188 1365 baum,
1223 1309 1377 1354 summum

258 1399 387 1474 „bonum
411 1398 540 1478 percipit
565 1398 646 1477 qued
669 1398 854 1458 sanctitatem
882 1399 1080 1479 virtutemque
1102 1401 1287 1463 constituens
1309 1399 1378 1462 reli-

255 1508 395 1588 „gionem
418 1505 586 1568 manifestet
608 1506 843 1585 religionemque
865 1507 1057 1569 manifestans
1079 1510 1265 1572 sanctitatem
1287 1511 1378 1572 virtu-

255 1629 395 1696 „temque
418 1617 573 1678 constituit
594 1633 722 1695 quorum
745 1623 906 1694 utrumque
929 1635 997 1677 cum
1024 1617 1118 1678 altero
1141 1617 1378 1698 inseparabiliter

257 1726 469 1806 „conjunctum
504 1736 550 1786 est
582 1727 639 1786 boc
671 1733 717 1786 est
748 1743 833 1786 meus
869 1733 899 1786 et
928 1733 1007 1786 extra
1038 1743 1102 1787 earu
1139 1725 1220 1788 nulle
1256 1728 1374 1790 ueritas.

254 1835 355 1913 „Deus
377 1835 409 1895 in
432 1833 519 1894 nobis
541 1841 571 1894 et
592 1849 682 1912 supra
706 1849 770 1906 nos,
796 1833 911 1911 species
923 1839 954 1894 et
968 1832 1065 1913 imago
1077 1833 1245 1914 disjunctae
1255 1835 1376 1914 quidem

253 1953 305 2022 „et
334 1942 528 2023 inseparabili
558 1950 656 2003 tamm
687 1940 898 2020 conjunctione
932 1942 1048 2018 cuniae,
1085 1942 1142 2004 boc
1163 1943 1260 2005 solum
1283 1944 1320 2005 de
1342 1963 1377 2006 eo

253 2053 363 2132 „nobis
385 2051 595 2113 annuntiatum
619 2061 664 2111 est
686 2058 716 2110 et
737 2051 907 2111 annuntiari
929 2051 1036 2129 potuit.
1083 2052 1144 2113 Hac
1166 2052 1279 2113 ratione
1298 2053 1377 2118 neus

254 2183 308 2241 „se
330 2160 504 2224 bominibus
525 2160 623 2220 vivum
645 2167 675 2219 el
697 2159 870 2238 peremnia
894 2161 1010 2222 saecule
1033 2161 1174 2222 ecnbuuo
1198 2162 1374 2224 manifestat.

254 2275 356 2350 „luter
378 2269 649 2333 manifestationem
672 2287 726 2348 per
748 2279 884 2330 externas
907 2278 1020 2332 tautum
1033 2271 1157 2351 species,
1181 2289 1377 2352 quaecuuque

256 2382 338 2457 „sint
358 2380 404 2440 vel
426 2379 580 2450 dicantur,
614 2384 646 2439 et
666 2378 812 2439 internam
843 2379 922 2440 illam
946 2381 1199 2461 principalemque
1220 2401 1272 2444 eae
1295 2401 1377 2444 sum·

259 2503 363 2560 „mum
374 2486 557 2547 intercedere
573 2495 700 2566 possunt
716 2487 803 2561 vices,
828 2507 903 2566 quae
922 2489 1085 2550 orationem
1102 2491 1219 2551 lateret
1231 2493 1376 2552 rationem

259 2593 457 2668 „constitutae
469 2601 537 2656 sunt
547 2599 563 2630 ‘⁶
576 2594 627 2672 ¹⁴).
662 2597 768 2658 Nostra
787 2614 906 2675 quoque
924 2597 1066 2657 memoria
1078 2597 1179 2676 plures
1195 2599 1250 2658 viri
1266 2599 1376 2660 doctis·

257 2701 326 2763 simi
349 2707 439 2781 etque
466 2702 502 2763 de
530 2703 716 2785 philosophia
747 2716 777 2764 et
806 2705 951 2784 theologia
979 2706 1090 2784 optime
1119 2707 1218 2767 meriti
1249 2708 1375 2768 eandem

254 2811 388 2872 numinis
409 2811 498 2872 divini
529 2814 681 2876 notionem
705 2822 926 2892 proposuerunt
955 2823 985 2875 et
1008 2815 1072 2876 tuiti
1095 2826 1174 2876 sunt.
1220 2815 1263 2876 lta
1284 2817 1311 2876 J.
1337 2816 1373 2876 ll.

252 2921 432 2982 Fichtius
453 2922 640 2983 celeberrimi
664 2922 832 3001 philosophi
855 2923 934 2984 filius
963 2924 1036 2985 baec
1058 2925 1120 2986 lere
1141 2923 1229 2986 verba
1253 2925 1373 2986 scribit:

251 3031 373 3110 „ltaque
394 3031 460 3092 idea
483 3031 581 3111 primo
604 3037 635 3091 et
653 3029 856 3110 principaliter
877 3039 925 3092 est
945 3033 1080 3095 absoluta
1103 3034 1188 3114 quies
1211 3035 1257 3097 sui
1279 3035 1375 3114 ipsius

250 3113 457 3220 „concipiendi
481 3140 526 3201 vel
556 3139 826 3218 comprehendendi
857 3151 994 3219 respectu
1016 3143 1108 3204 totius
1136 3145 1282 3205 esseutiae
1304 3164 1375 3206 suae

250 3250 462 3328 „complexum
497 3251 554 3308 lixa
577 3248 759 3326 duplicitatis
780 3249 884 3323 lerna,
909 3267 986 3327 quae
1007 3259 1101 3311 semet
1122 3251 1216 3330 ipsam
1239 3254 1375 3331 penitet

250 3358 301 3433 „in
325 3358 356 3418 in
379 3358 442 3436 ipsa
466 3364 568 3418 tamen
591 3356 739 3435 positione
762 3356 819 3440 sibi
842 3375 935 3417 unum
958 3366 1076 3434 manet3
1110 3360 1292 3422 couscientia
1315 3363 1375 3424 sive

249 3466 439 3541 „accuratius
462 3465 510 3526 sui
533 3464 627 3543 ipsius
649 3464 839 3538 conscientie,
864 3464 894 3525 id
917 3466 997 3543 quod
1020 3485 1092 3541 nos,
1117 3475 1240 3530 naturae
1262 3471 1376 3534 scilicet

251 3574 442 3652 „corporales
463 3575 527 3651 Ego
555 3573 703 3651 appellere
733 3589 903 3652 possumus.
948 3573 986 3635 Et
1015 3575 1045 3636 iu
1073 3595 1109 3636 eo
1137 3577 1259 3640 demum
1288 3581 1375 3644 abso-

249 3682 351 3756 „lutae
374 3682 496 3742 unitatis
517 3681 600 3742 notio
620 3681 671 3760 J‘us
693 3699 781 3742 auum
802 3682 977 3760 plenissime
998 3685 1101 3764 adepta
1120 3705 1297 3768 summeque
1312 3709 1375 3752 ser-

249 3791 370 3865 „monis
392 3809 463 3850 voce
486 3790 648 3869 signilicate
672 3798 767 3851 esset:
792 3791 857 3850 idea
881 3800 927 3852 est
948 3792 1080 3855 absolata
1104 3798 1214 3874 unitas,
1239 3799 1373 3862 absoluta

250 3917 340 3973 „vero
364 3899 463 3959 unitas
487 3906 531 3959 est
553 3898 615 3976 Ego
638 3906 668 3959 et
689 3899 862 3960 omnesbee
878 3900 1109 3978 significationes
1125 3924 1218 3967 unum
1235 3908 1375 3988 idemque

454 4065 554 4075 -..-

318 4163 364 4224 13)
383 4163 416 4210 el.
437 4161 530 4213 Persi
555 4176 609 4226 cap.
631 4159 685 4213 Vll.

318 4257 363 4324 lt)
383 4261 415 4308 et'.
436 4259 451 4310 J
458 4259 567 4317 ecobi,
589 4259 616 4308 F.
630 4257 676 4309 tl:
698 4258 735 4308 De
751 4258 826 4308 rebus
836 4260 927 4312 diuinis
938 4279 1072 4332 eartrruque
1082 4268 1285 4322 ruunil'estetionc
1296 4276 1371 4325 1811.

249 4341 333 4407 Opera
352 4343 492 4398 tela—te
505 4340 555 4390 vol.
577 4339 617 4390 tlt.
