<?xml version="1.0" encoding="UTF-8"?>
<!DOCTYPE html PUBLIC "-//W3C//DTD XHTML 1.0 Transitional//EN"
    "http://www.w3.org/TR/xhtml1/DTD/xhtml1-transitional.dtd">
<html xmlns="http://www.w3.org/1999/xhtml" xml:lang="en" lang="en">
 <head>
  <title>
</title>
<meta http-equiv="Content-Type" content="text/html;charset=utf-8" />
  <meta name='ocr-system' content='tesseract 3.04.00' />
  <meta name='ocr-capabilities' content='ocr_page ocr_carea ocr_par ocr_line ocrx_word'/>
</head>
<body>
  <div class='ocr_page' id='page_1' title='image "./deontologicopro00waltgoog_0059.png"; bbox 0 0 3236 5076; ppageno 0'>
   <div class='ocr_carea' id='block_1_1' title="bbox 670 413 992 483">
    <p class='ocr_par' dir='ltr' id='par_1_1' title="bbox 670 413 992 483">
     <span class='ocr_line' id='line_1_1' title="bbox 670 413 992 483; baseline 0 -19"><span class='ocrx_word' id='word_1_1' title='bbox 670 413 992 483; x_wconf 68' lang='lat'><strong>—45-.</strong></span> 
     </span>
    </p>
   </div>
   <div class='ocr_carea' id='block_1_2' title="bbox 266 595 1394 4428">
    <p class='ocr_par' dir='ltr' id='par_1_2' title="bbox 266 595 1394 4428">
     <span class='ocr_line' id='line_1_2' title="bbox 269 595 1388 678; baseline 0.003 -21"><span class='ocrx_word' id='word_1_2' title='bbox 269 605 362 672; x_wconf 82' lang='lat' dir='ltr'><strong>tcst;</strong></span> <span class='ocrx_word' id='word_1_3' title='bbox 397 599 465 658; x_wconf 87' lang='lat' dir='ltr'><strong>scd</strong></span> <span class='ocrx_word' id='word_1_4' title='bbox 487 605 548 658; x_wconf 86' lang='lat' dir='ltr'><strong>est</strong></span> <span class='ocrx_word' id='word_1_5' title='bbox 569 597 695 678; x_wconf 85' lang='lat' dir='ltr'><strong>majus</strong></span> <span class='ocrx_word' id='word_1_6' title='bbox 717 597 864 668; x_wconf 83' lang='lat' dir='ltr'><strong>csscin</strong></span> <span class='ocrx_word' id='word_1_7' title='bbox 887 615 926 658; x_wconf 88' lang='lat' dir='ltr'><strong>rc</strong></span> <span class='ocrx_word' id='word_1_8' title='bbox 949 609 987 659; x_wconf 83' lang='lat' dir='ltr'><strong>et</strong></span> <span class='ocrx_word' id='word_1_9' title='bbox 1009 595 1244 672; x_wconf 85' lang='lat' dir='ltr'><strong>intellectu,</strong></span> <span class='ocrx_word' id='word_1_10' title='bbox 1279 617 1388 678; x_wconf 85' lang='lat' dir='ltr'><strong>quarn</strong></span> 
     </span>
     <span class='ocr_line' id='line_1_3' title="bbox 268 707 1389 788; baseline 0.001 -20"><span class='ocrx_word' id='word_1_11' title='bbox 268 707 305 768; x_wconf 93' lang='lat' dir='ltr'><strong>in</strong></span> <span class='ocrx_word' id='word_1_12' title='bbox 329 707 544 769; x_wconf 85' lang='lat' dir='ltr'><strong>intellectu</strong></span> <span class='ocrx_word' id='word_1_13' title='bbox 568 716 737 783; x_wconf 69' lang='lat' dir='ltr'><strong>tanturm</strong></span> <span class='ocrx_word' id='word_1_14' title='bbox 770 725 862 788; x_wconf 89' lang='lat' dir='ltr'><strong>ergo</strong></span> <span class='ocrx_word' id='word_1_15' title='bbox 892 707 1107 770; x_wconf 85' lang='lat' dir='ltr'><strong>intellectu</strong></span> <span class='ocrx_word' id='word_1_16' title='bbox 1136 707 1235 788; x_wconf 87' lang='lat' dir='ltr'><strong>qucd</strong></span> <span class='ocrx_word' id='word_1_17' title='bbox 1263 707 1389 787; x_wconf 90' lang='lat' dir='ltr'><strong>sigui-</strong></span> 
     </span>
     <span class='ocr_line' id='line_1_4' title="bbox 268 817 1389 898; baseline 0.002 -20"><span class='ocrx_word' id='word_1_18' title='bbox 268 818 365 878; x_wconf 89' lang='lat' dir='ltr'><strong>licct</strong></span> <span class='ocrx_word' id='word_1_19' title='bbox 387 819 458 878; x_wconf 88' lang='lat' dir='ltr'><strong>hcc</strong></span> <span class='ocrx_word' id='word_1_20' title='bbox 480 837 614 880; x_wconf 89' lang='lat' dir='ltr'><strong>nomeu</strong></span> <span class='ocrx_word' id='word_1_21' title='bbox 639 819 740 880; x_wconf 81' lang='lat' dir='ltr'><strong>[teus</strong></span> <span class='ocrx_word' id='word_1_22' title='bbox 770 818 1021 898; x_wconf 86' lang='lat' dir='ltr'><strong>intelligitur</strong></span> <span class='ocrx_word' id='word_1_23' title='bbox 1042 819 1157 880; x_wconf 88' lang='lat' dir='ltr'><strong>Deum</strong></span> <span class='ocrx_word' id='word_1_24' title='bbox 1180 835 1267 879; x_wconf 87' lang='lat' dir='ltr'><strong>esse</strong></span> <span class='ocrx_word' id='word_1_25' title='bbox 1289 817 1328 880; x_wconf 92' lang='lat' dir='ltr'><strong>in</strong></span> <span class='ocrx_word' id='word_1_26' title='bbox 1351 837 1389 880; x_wconf 88' lang='lat' dir='ltr'><strong>rc</strong></span> 
     </span>
     <span class='ocr_line' id='line_1_5' title="bbox 268 927 1389 990; baseline 0 0"><span class='ocrx_word' id='word_1_27' title='bbox 268 929 374 990; x_wconf 89' lang='lat' dir='ltr'><strong>etin</strong></span> <span class='ocrx_word' id='word_1_28' title='bbox 407 927 634 990; x_wconf 89' lang='lat' dir='ltr'><strong>intellectu.</strong></span> <span class='ocrx_word' id='word_1_29' title='bbox 696 928 751 990; x_wconf 88' lang='lat' dir='ltr'><strong>Ubi</strong></span> <span class='ocrx_word' id='word_1_30' title='bbox 791 936 835 990; x_wconf 91' lang='lat' dir='ltr'><strong>est</strong></span> <span class='ocrx_word' id='word_1_31' title='bbox 876 929 1131 990; x_wconf 76' lang='lat' dir='ltr'><strong>manifestum</strong></span> <span class='ocrx_word' id='word_1_32' title='bbox 1171 927 1310 990; x_wconf 85' lang='lat' dir='ltr'><strong>vitium</strong></span> <span class='ocrx_word' id='word_1_33' title='bbox 1350 929 1389 990; x_wconf 91' lang='lat' dir='ltr'><strong>iu</strong></span> 
     </span>
     <span class='ocr_line' id='line_1_6' title="bbox 268 1037 1389 1118; baseline 0 -20"><span class='ocrx_word' id='word_1_34' title='bbox 268 1038 404 1114; x_wconf 88' lang='lat' dir='ltr'><strong>inrmc,</strong></span> <span class='ocrx_word' id='word_1_35' title='bbox 439 1037 575 1100; x_wconf 91' lang='lat' dir='ltr'><strong>concludi</strong></span> <span class='ocrx_word' id='word_1_36' title='bbox 598 1039 678 1100; x_wconf 86' lang='lat' dir='ltr'><strong>enim</strong></span> <span class='ocrx_word' id='word_1_37' title='bbox 701 1047 815 1100; x_wconf 87' lang='lat' dir='ltr'><strong>tantum</strong></span> <span class='ocrx_word' id='word_1_38' title='bbox 838 1039 1008 1100; x_wconf 82' lang='lat' dir='ltr'><strong>debuisset:</strong></span> <span class='ocrx_word' id='word_1_39' title='bbox 1054 1055 1146 1118; x_wconf 90' lang='lat' dir='ltr'><strong>ergc</strong></span> <span class='ocrx_word' id='word_1_40' title='bbox 1177 1037 1389 1099; x_wconf 88' lang='lat' dir='ltr'><strong>intellecto</strong></span> 
     </span>
     <span class='ocr_line' id='line_1_7' title="bbox 267 1147 1390 1228; baseline 0 -20"><span class='ocrx_word' id='word_1_41' title='bbox 267 1149 367 1227; x_wconf 86' lang='lat' dir='ltr'><strong>quud</strong></span> <span class='ocrx_word' id='word_1_42' title='bbox 397 1148 610 1228; x_wconf 74' lang='lat' dir='ltr'><strong>significet</strong></span> <span class='ocrx_word' id='word_1_43' title='bbox 639 1149 711 1210; x_wconf 90' lang='lat' dir='ltr'><strong>hcc</strong></span> <span class='ocrx_word' id='word_1_44' title='bbox 739 1163 878 1210; x_wconf 86' lang='lat' dir='ltr'><strong>nomen</strong></span> <span class='ocrx_word' id='word_1_45' title='bbox 902 1148 1001 1210; x_wconf 85' lang='lat' dir='ltr'><strong>Deus</strong></span> <span class='ocrx_word' id='word_1_46' title='bbox 1032 1149 1287 1228; x_wconf 76' lang='lat' dir='ltr'><strong>intelligitur</strong></span> <span class='ocrx_word' id='word_1_47' title='bbox 1309 1147 1390 1228; x_wconf 88' lang='lat' dir='ltr'><strong>sig·</strong></span> 
     </span>
     <span class='ocr_line' id='line_1_8' title="bbox 268 1257 1389 1338; baseline 0 -19"><span class='ocrx_word' id='word_1_48' title='bbox 268 1259 433 1320; x_wconf 86' lang='lat' dir='ltr'><strong>nilicnri</strong></span> <span class='ocrx_word' id='word_1_49' title='bbox 457 1259 570 1322; x_wconf 80' lang='lat' dir='ltr'><strong>licum</strong></span> <span class='ocrx_word' id='word_1_50' title='bbox 593 1277 680 1321; x_wconf 86' lang='lat' dir='ltr'><strong>esse</strong></span> <span class='ocrx_word' id='word_1_51' title='bbox 703 1259 741 1320; x_wconf 93' lang='lat' dir='ltr'><strong>in</strong></span> <span class='ocrx_word' id='word_1_52' title='bbox 764 1277 802 1320; x_wconf 86' lang='lat' dir='ltr'><strong>rc</strong></span> <span class='ocrx_word' id='word_1_53' title='bbox 825 1259 920 1320; x_wconf 89' lang='lat' dir='ltr'><strong>etin</strong></span> <span class='ocrx_word' id='word_1_54' title='bbox 943 1259 1179 1333; x_wconf 86' lang='lat' dir='ltr'><strong>intellectu,</strong></span> <span class='ocrx_word' id='word_1_55' title='bbox 1204 1259 1286 1338; x_wconf 89' lang='lat' dir='ltr'><strong>atqui</strong></span> <span class='ocrx_word' id='word_1_56' title='bbox 1309 1257 1389 1338; x_wconf 90' lang='lat' dir='ltr'><strong>quod</strong></span> 
     </span>
     <span class='ocr_line' id='line_1_9' title="bbox 267 1368 1389 1449; baseline 0.002 -21"><span class='ocrx_word' id='word_1_57' title='bbox 267 1368 356 1430; x_wconf 86' lang='lat' dir='ltr'><strong>verbu</strong></span> <span class='ocrx_word' id='word_1_58' title='bbox 379 1368 562 1447; x_wconf 85' lang='lat' dir='ltr'><strong>significatur</strong></span> <span class='ocrx_word' id='word_1_59' title='bbox 592 1387 651 1430; x_wconf 88' lang='lat' dir='ltr'><strong>uun</strong></span> <span class='ocrx_word' id='word_1_60' title='bbox 682 1370 749 1430; x_wconf 88' lang='lat' dir='ltr'><strong>ideo</strong></span> <span class='ocrx_word' id='word_1_61' title='bbox 773 1377 895 1449; x_wconf 68' lang='lat' dir='ltr'><strong>nprtaret</strong></span> <span class='ocrx_word' id='word_1_62' title='bbox 925 1387 1126 1431; x_wconf 78' lang='lat' dir='ltr'><strong>essetecum.</strong></span> <span class='ocrx_word' id='word_1_63' title='bbox 1171 1369 1268 1430; x_wconf 86' lang='lat' dir='ltr'><strong>Meum</strong></span> <span class='ocrx_word' id='word_1_64' title='bbox 1291 1378 1389 1430; x_wconf 86' lang='lat' dir='ltr'><strong>autem</strong></span> 
     </span>
     <span class='ocr_line' id='line_1_10' title="bbox 267 1471 1391 1557; baseline 0 -17"><span class='ocrx_word' id='word_1_65' title='bbox 267 1487 474 1557; x_wconf 76' lang='lat' dir='ltr'><strong>argumentum</strong></span> <span class='ocrx_word' id='word_1_66' title='bbox 501 1477 556 1539; x_wconf 88' lang='lat' dir='ltr'><strong>luit</strong></span> <span class='ocrx_word' id='word_1_67' title='bbox 580 1478 653 1540; x_wconf 84' lang='lat' dir='ltr'><strong>talc:</strong></span> <span class='ocrx_word' id='word_1_68' title='bbox 695 1477 803 1552; x_wconf 84' lang='lat' dir='ltr'><strong>Quod</strong></span> <span class='ocrx_word' id='word_1_69' title='bbox 826 1479 933 1540; x_wconf 88' lang='lat' dir='ltr'><strong>clare</strong></span> <span class='ocrx_word' id='word_1_70' title='bbox 956 1488 992 1540; x_wconf 91' lang='lat' dir='ltr'><strong>ct</strong></span> <span class='ocrx_word' id='word_1_71' title='bbox 1014 1479 1210 1540; x_wconf 87' lang='lat' dir='ltr'><strong>distincte</strong></span> <span class='ocrx_word' id='word_1_72' title='bbox 1232 1471 1391 1540; x_wconf 86' lang='lat' dir='ltr'><strong>intelli-</strong></span> 
     </span>
     <span class='ocr_line' id='line_1_11' title="bbox 266 1589 1392 1670; baseline 0.002 -22"><span class='ocrx_word' id='word_1_73' title='bbox 266 1589 393 1669; x_wconf 92' lang='lat' dir='ltr'><strong>gimus</strong></span> <span class='ocrx_word' id='word_1_74' title='bbox 425 1590 631 1670; x_wconf 85' lang='lat' dir='ltr'><strong>pertinere</strong></span> <span class='ocrx_word' id='word_1_75' title='bbox 663 1591 707 1651; x_wconf 90' lang='lat' dir='ltr'><strong>ad</strong></span> <span class='ocrx_word' id='word_1_76' title='bbox 740 1590 916 1670; x_wconf 85' lang='lat' dir='ltr'><strong>alicujus</strong></span> <span class='ocrx_word' id='word_1_77' title='bbox 950 1589 1006 1651; x_wconf 91' lang='lat' dir='ltr'><strong>rci</strong></span> <span class='ocrx_word' id='word_1_78' title='bbox 1037 1609 1163 1652; x_wconf 84' lang='lat' dir='ltr'><strong>veram</strong></span> <span class='ocrx_word' id='word_1_79' title='bbox 1193 1598 1230 1651; x_wconf 88' lang='lat' dir='ltr'><strong>et</strong></span> <span class='ocrx_word' id='word_1_80' title='bbox 1259 1590 1392 1652; x_wconf 91' lang='lat' dir='ltr'><strong>immu-</strong></span> 
     </span>
     <span class='ocr_line' id='line_1_12' title="bbox 268 1699 1390 1775; baseline 0 -15"><span class='ocrx_word' id='word_1_81' title='bbox 268 1699 430 1762; x_wconf 73' lang='lat' dir='ltr'><strong>tabilem</strong></span> <span class='ocrx_word' id='word_1_82' title='bbox 454 1709 650 1775; x_wconf 79' lang='lat' dir='ltr'><strong>usturam,</strong></span> <span class='ocrx_word' id='word_1_83' title='bbox 686 1701 769 1762; x_wconf 91' lang='lat' dir='ltr'><strong>sive</strong></span> <span class='ocrx_word' id='word_1_84' title='bbox 790 1701 1007 1762; x_wconf 88' lang='lat' dir='ltr'><strong>essentiam</strong></span> <span class='ocrx_word' id='word_1_85' title='bbox 1031 1700 1114 1762; x_wconf 88' lang='lat' dir='ltr'><strong>sive</strong></span> <span class='ocrx_word' id='word_1_86' title='bbox 1141 1702 1318 1774; x_wconf 87' lang='lat' dir='ltr'><strong>sormam,</strong></span> <span class='ocrx_word' id='word_1_87' title='bbox 1353 1699 1390 1760; x_wconf 92' lang='lat' dir='ltr'><strong>id</strong></span> 
     </span>
     <span class='ocr_line' id='line_1_13' title="bbox 266 1810 1391 1889; baseline 0.001 -20"><span class='ocrx_word' id='word_1_88' title='bbox 266 1817 400 1889; x_wconf 84' lang='lat' dir='ltr'><strong>pntcst</strong></span> <span class='ocrx_word' id='word_1_89' title='bbox 429 1811 472 1872; x_wconf 87' lang='lat' dir='ltr'><strong>dc</strong></span> <span class='ocrx_word' id='word_1_90' title='bbox 495 1830 532 1872; x_wconf 87' lang='lat' dir='ltr'><strong>ea</strong></span> <span class='ocrx_word' id='word_1_91' title='bbox 557 1829 595 1872; x_wconf 88' lang='lat' dir='ltr'><strong>re</strong></span> <span class='ocrx_word' id='word_1_92' title='bbox 618 1829 701 1872; x_wconf 89' lang='lat' dir='ltr'><strong>cum</strong></span> <span class='ocrx_word' id='word_1_93' title='bbox 723 1811 893 1872; x_wconf 87' lang='lat' dir='ltr'><strong>veritate</strong></span> <span class='ocrx_word' id='word_1_94' title='bbox 922 1811 1140 1886; x_wconf 85' lang='lat' dir='ltr'><strong>ellirmari;</strong></span> <span class='ocrx_word' id='word_1_95' title='bbox 1185 1810 1252 1872; x_wconf 91' lang='lat' dir='ltr'><strong>sed</strong></span> <span class='ocrx_word' id='word_1_96' title='bbox 1282 1818 1391 1889; x_wconf 88' lang='lat' dir='ltr'><strong>post-</strong></span> 
     </span>
     <span class='ocr_line' id='line_1_14' title="bbox 267 1920 1388 2000; baseline -0.001 -19"><span class='ocrx_word' id='word_1_97' title='bbox 267 1937 381 1999; x_wconf 53' lang='lat' dir='ltr'><strong>quam,</strong></span> <span class='ocrx_word' id='word_1_98' title='bbox 402 1923 503 1982; x_wconf 91' lang='lat' dir='ltr'><strong>satis</strong></span> <span class='ocrx_word' id='word_1_99' title='bbox 525 1930 711 1982; x_wconf 84' lang='lat' dir='ltr'><strong>accurate</strong></span> <span class='ocrx_word' id='word_1_100' title='bbox 733 1921 1080 2000; x_wconf 79' lang='lat' dir='ltr'><strong>investigavimus,</strong></span> <span class='ocrx_word' id='word_1_101' title='bbox 1105 1921 1199 2000; x_wconf 89' lang='lat' dir='ltr'><strong>quid</strong></span> <span class='ocrx_word' id='word_1_102' title='bbox 1223 1920 1388 1994; x_wconf 81' lang='lat' dir='ltr'><strong>sitllcus,</strong></span> 
     </span>
     <span class='ocr_line' id='line_1_15' title="bbox 267 2030 1392 2112; baseline -0.002 -20"><span class='ocrx_word' id='word_1_103' title='bbox 267 2031 374 2092; x_wconf 83' lang='lat' dir='ltr'><strong>clare</strong></span> <span class='ocrx_word' id='word_1_104' title='bbox 402 2039 439 2092; x_wconf 87' lang='lat' dir='ltr'><strong>et</strong></span> <span class='ocrx_word' id='word_1_105' title='bbox 468 2031 663 2092; x_wconf 87' lang='lat' dir='ltr'><strong>distincte</strong></span> <span class='ocrx_word' id='word_1_106' title='bbox 693 2031 976 2110; x_wconf 82' lang='lat' dir='ltr'><strong>intelligimus,</strong></span> <span class='ocrx_word' id='word_1_107' title='bbox 1012 2032 1056 2092; x_wconf 90' lang='lat' dir='ltr'><strong>ad</strong></span> <span class='ocrx_word' id='word_1_108' title='bbox 1087 2030 1175 2112; x_wconf 90' lang='lat' dir='ltr'><strong>ejus</strong></span> <span class='ocrx_word' id='word_1_109' title='bbox 1205 2049 1332 2092; x_wconf 87' lang='lat' dir='ltr'><strong>veram</strong></span> <span class='ocrx_word' id='word_1_110' title='bbox 1355 2034 1392 2090; x_wconf 84' lang='lat' dir='ltr'><strong>el</strong></span> 
     </span>
     <span class='ocr_line' id='line_1_16' title="bbox 268 2139 1389 2220; baseline -0.004 -17"><span class='ocrx_word' id='word_1_111' title='bbox 268 2141 553 2203; x_wconf 81' lang='lat' dir='ltr'><strong>immutabilem</strong></span> <span class='ocrx_word' id='word_1_112' title='bbox 585 2148 762 2202; x_wconf 85' lang='lat' dir='ltr'><strong>naturam</strong></span> <span class='ocrx_word' id='word_1_113' title='bbox 786 2140 991 2220; x_wconf 87' lang='lat' dir='ltr'><strong>pertinere</strong></span> <span class='ocrx_word' id='word_1_114' title='bbox 1013 2149 1056 2202; x_wconf 90' lang='lat' dir='ltr'><strong>ut</strong></span> <span class='ocrx_word' id='word_1_115' title='bbox 1080 2139 1268 2216; x_wconf 89' lang='lat' dir='ltr'><strong>exsistat;</strong></span> <span class='ocrx_word' id='word_1_116' title='bbox 1299 2157 1389 2218; x_wconf 87' lang='lat' dir='ltr'><strong>crgo</strong></span> 
     </span>
     <span class='ocr_line' id='line_1_17' title="bbox 269 2247 1385 2329; baseline -0.004 -17"><span class='ocrx_word' id='word_1_117' title='bbox 269 2260 361 2312; x_wconf 91' lang='lat' dir='ltr'><strong>tunc</strong></span> <span class='ocrx_word' id='word_1_118' title='bbox 383 2269 464 2312; x_wconf 90' lang='lat' dir='ltr'><strong>cum</strong></span> <span class='ocrx_word' id='word_1_119' title='bbox 487 2251 661 2311; x_wconf 85' lang='lat' dir='ltr'><strong>veritate</strong></span> <span class='ocrx_word' id='word_1_120' title='bbox 684 2250 814 2310; x_wconf 88' lang='lat' dir='ltr'><strong>chco</strong></span> <span class='ocrx_word' id='word_1_121' title='bbox 837 2267 1047 2329; x_wconf 87' lang='lat' dir='ltr'><strong>possumus</strong></span> <span class='ocrx_word' id='word_1_122' title='bbox 1070 2251 1274 2312; x_wconf 89' lang='lat' dir='ltr'><strong>allirmarc</strong></span> <span class='ocrx_word' id='word_1_123' title='bbox 1296 2247 1385 2328; x_wconf 89' lang='lat' dir='ltr'><strong>quod</strong></span> 
     </span>
     <span class='ocr_line' id='line_1_18' title="bbox 267 2359 1385 2440; baseline -0.004 -18"><span class='ocrx_word' id='word_1_124' title='bbox 267 2361 448 2422; x_wconf 86' lang='lat' dir='ltr'><strong>exsistat.</strong></span> <span class='ocrx_word' id='word_1_125' title='bbox 496 2359 550 2422; x_wconf 88' lang='lat' dir='ltr'><strong>Ubi</strong></span> <span class='ocrx_word' id='word_1_126' title='bbox 584 2360 690 2422; x_wconf 86' lang='lat' dir='ltr'><strong>saltem</strong></span> <span class='ocrx_word' id='word_1_127' title='bbox 718 2359 870 2421; x_wconf 89' lang='lat' dir='ltr'><strong>conclusio</strong></span> <span class='ocrx_word' id='word_1_128' title='bbox 900 2367 980 2420; x_wconf 89' lang='lat' dir='ltr'><strong>rcctc</strong></span> <span class='ocrx_word' id='word_1_129' title='bbox 1011 2361 1154 2440; x_wconf 87' lang='lat' dir='ltr'><strong>procedit.</strong></span> <span class='ocrx_word' id='word_1_130' title='bbox 1205 2359 1262 2422; x_wconf 88' lang='lat' dir='ltr'><strong>Sed</strong></span> <span class='ocrx_word' id='word_1_131' title='bbox 1290 2376 1385 2436; x_wconf 88' lang='lat' dir='ltr'><strong>neque</strong></span> 
     </span>
     <span class='ocr_line' id='line_1_19' title="bbox 268 2468 1386 2552; baseline -0.004 -20"><span class='ocrx_word' id='word_1_132' title='bbox 268 2471 355 2534; x_wconf 63' lang='lat' dir='ltr'><strong>tetiam</strong></span> <span class='ocrx_word' id='word_1_133' title='bbox 388 2471 481 2552; x_wconf 84' lang='lat' dir='ltr'><strong>llajur</strong></span> <span class='ocrx_word' id='word_1_134' title='bbox 513 2477 611 2552; x_wconf 87' lang='lat' dir='ltr'><strong>potest</strong></span> <span class='ocrx_word' id='word_1_135' title='bbox 639 2470 758 2551; x_wconf 86' lang='lat' dir='ltr'><strong>negari,</strong></span> <span class='ocrx_word' id='word_1_136' title='bbox 805 2469 873 2550; x_wconf 89' lang='lat' dir='ltr'><strong>qnia</strong></span> <span class='ocrx_word' id='word_1_137' title='bbox 904 2468 966 2550; x_wconf 85' lang='lat' dir='ltr'><strong>jam</strong></span> <span class='ocrx_word' id='word_1_138' title='bbox 999 2478 1085 2531; x_wconf 86' lang='lat' dir='ltr'><strong>antec</strong></span> <span class='ocrx_word' id='word_1_139' title='bbox 1118 2489 1293 2532; x_wconf 88' lang='lat' dir='ltr'><strong>concessum</strong></span> <span class='ocrx_word' id='word_1_140' title='bbox 1324 2476 1386 2544; x_wconf 88' lang='lat' dir='ltr'><strong>cst;</strong></span> 
     </span>
     <span class='ocr_line' id='line_1_20' title="bbox 268 2563 1387 2662; baseline -0.002 -20"><span class='ocrx_word' id='word_1_141' title='bbox 268 2582 330 2643; x_wconf 89' lang='lat' dir='ltr'><strong>sula</strong></span> <span class='ocrx_word' id='word_1_142' title='bbox 354 2583 450 2644; x_wconf 89' lang='lat' dir='ltr'><strong>llinur</strong></span> <span class='ocrx_word' id='word_1_143' title='bbox 472 2591 580 2657; x_wconf 86' lang='lat' dir='ltr'><strong>restat,</strong></span> <span class='ocrx_word' id='word_1_144' title='bbox 611 2583 642 2644; x_wconf 92' lang='lat' dir='ltr'><strong>in</strong></span> <span class='ocrx_word' id='word_1_145' title='bbox 664 2601 721 2662; x_wconf 90' lang='lat' dir='ltr'><strong>qua</strong></span> <span class='ocrx_word' id='word_1_146' title='bbox 745 2581 839 2643; x_wconf 88' lang='lat' dir='ltr'><strong>latcur</strong></span> <span class='ocrx_word' id='word_1_147' title='bbox 861 2599 927 2642; x_wconf 88' lang='lat' dir='ltr'><strong>esse</strong></span> <span class='ocrx_word' id='word_1_148' title='bbox 950 2581 1152 2643; x_wconf 83' lang='lat' dir='ltr'><strong>difficultatem</strong></span> <span class='ocrx_word' id='word_1_149' title='bbox 1176 2599 1235 2642; x_wconf 90' lang='lat' dir='ltr'><strong>nun</strong></span> <span class='ocrx_word' id='word_1_150' title='bbox 1260 2563 1387 2661; x_wconf 80' lang='lat' dir='ltr'><strong>parvam.</strong></span> 
     </span>
     <span class='ocr_line' id='line_1_21' title="bbox 267 2689 1391 2772; baseline -0.003 -18"><span class='ocrx_word' id='word_1_151' title='bbox 267 2693 385 2768; x_wconf 81' lang='lat' dir='ltr'><strong>l&#39;rimc,</strong></span> <span class='ocrx_word' id='word_1_152' title='bbox 421 2693 491 2772; x_wconf 87' lang='lat' dir='ltr'><strong>quia</strong></span> <span class='ocrx_word' id='word_1_153' title='bbox 521 2713 625 2756; x_wconf 91' lang='lat' dir='ltr'><strong>sumus</strong></span> <span class='ocrx_word' id='word_1_154' title='bbox 655 2692 766 2754; x_wconf 87' lang='lat' dir='ltr'><strong>assueti</strong></span> <span class='ocrx_word' id='word_1_155' title='bbox 795 2691 834 2752; x_wconf 92' lang='lat' dir='ltr'><strong>in</strong></span> <span class='ocrx_word' id='word_1_156' title='bbox 866 2689 1039 2771; x_wconf 89' lang='lat' dir='ltr'><strong>reliquis</strong></span> <span class='ocrx_word' id='word_1_157' title='bbox 1071 2689 1254 2752; x_wconf 87' lang='lat' dir='ltr'><strong>omnibus</strong></span> <span class='ocrx_word' id='word_1_158' title='bbox 1288 2691 1391 2752; x_wconf 87' lang='lat' dir='ltr'><strong>exsi-</strong></span> 
     </span>
     <span class='ocr_line' id='line_1_22' title="bbox 267 2799 1392 2881; baseline -0.003 -17"><span class='ocrx_word' id='word_1_159' title='bbox 267 2803 454 2870; x_wconf 86' lang='lat' dir='ltr'><strong>stentiam</strong></span> <span class='ocrx_word' id='word_1_160' title='bbox 477 2803 522 2862; x_wconf 86' lang='lat' dir='ltr'><strong>cb</strong></span> <span class='ocrx_word' id='word_1_161' title='bbox 545 2803 721 2864; x_wconf 87' lang='lat' dir='ltr'><strong>essentia</strong></span> <span class='ocrx_word' id='word_1_162' title='bbox 746 2801 1015 2881; x_wconf 85' lang='lat' dir='ltr'><strong>distinguere,</strong></span> <span class='ocrx_word' id='word_1_163' title='bbox 1055 2810 1087 2863; x_wconf 88' lang='lat' dir='ltr'><strong>ut</strong></span> <span class='ocrx_word' id='word_1_164' title='bbox 1112 2819 1172 2862; x_wconf 90' lang='lat' dir='ltr'><strong>non</strong></span> <span class='ocrx_word' id='word_1_165' title='bbox 1195 2801 1267 2862; x_wconf 90' lang='lat' dir='ltr'><strong>satis</strong></span> <span class='ocrx_word' id='word_1_166' title='bbox 1289 2799 1392 2862; x_wconf 87' lang='lat' dir='ltr'><strong>adver-</strong></span> 
     </span>
     <span class='ocr_line' id='line_1_23' title="bbox 267 2911 1391 2992; baseline 0 -20"><span class='ocrx_word' id='word_1_167' title='bbox 267 2921 383 2986; x_wconf 88' lang='lat' dir='ltr'><strong>tamus,</strong></span> <span class='ocrx_word' id='word_1_168' title='bbox 418 2923 478 2991; x_wconf 83' lang='lat' dir='ltr'><strong>quc</strong></span> <span class='ocrx_word' id='word_1_169' title='bbox 500 2921 585 2992; x_wconf 87' lang='lat' dir='ltr'><strong>partu</strong></span> <span class='ocrx_word' id='word_1_170' title='bbox 614 2913 657 2974; x_wconf 87' lang='lat' dir='ltr'><strong>ad</strong></span> <span class='ocrx_word' id='word_1_171' title='bbox 688 2911 900 2974; x_wconf 89' lang='lat' dir='ltr'><strong>essentiam</strong></span> <span class='ocrx_word' id='word_1_172' title='bbox 924 2912 993 2973; x_wconf 82' lang='lat' dir='ltr'><strong>Ilei</strong></span> <span class='ocrx_word' id='word_1_173' title='bbox 1024 2913 1123 2992; x_wconf 87' lang='lat' dir='ltr'><strong>potius</strong></span> <span class='ocrx_word' id='word_1_174' title='bbox 1154 2931 1243 2992; x_wconf 89' lang='lat' dir='ltr'><strong>quam</strong></span> <span class='ocrx_word' id='word_1_175' title='bbox 1266 2911 1391 2973; x_wconf 88' lang='lat' dir='ltr'><strong>aliarum</strong></span> 
     </span>
     <span class='ocr_line' id='line_1_24' title="bbox 267 3019 1390 3112; baseline 0 -30"><span class='ocrx_word' id='word_1_176' title='bbox 267 3040 367 3084; x_wconf 87' lang='lat' dir='ltr'><strong>rerum</strong></span> <span class='ocrx_word' id='word_1_177' title='bbox 391 3022 555 3112; x_wconf 84' lang='lat' dir='ltr'><strong>pcr·tincat;</strong></span> <span class='ocrx_word' id='word_1_178' title='bbox 589 3041 624 3084; x_wconf 87' lang='lat' dir='ltr'><strong>ac</strong></span> <span class='ocrx_word' id='word_1_179' title='bbox 646 3023 752 3084; x_wconf 85' lang='lat' dir='ltr'><strong>deiude</strong></span> <span class='ocrx_word' id='word_1_180' title='bbox 776 3021 844 3100; x_wconf 86' lang='lat' dir='ltr'><strong>quia</strong></span> <span class='ocrx_word' id='word_1_181' title='bbox 877 3041 936 3083; x_wconf 89' lang='lat' dir='ltr'><strong>nun</strong></span> <span class='ocrx_word' id='word_1_182' title='bbox 959 3021 1177 3102; x_wconf 83' lang='lat' dir='ltr'><strong>distinguentes</strong></span> <span class='ocrx_word' id='word_1_183' title='bbox 1200 3041 1232 3083; x_wconf 88' lang='lat' dir='ltr'><strong>ea</strong></span> <span class='ocrx_word' id='word_1_184' title='bbox 1256 3042 1332 3102; x_wconf 88' lang='lat' dir='ltr'><strong>quae</strong></span> <span class='ocrx_word' id='word_1_185' title='bbox 1354 3019 1390 3082; x_wconf 86' lang='lat' dir='ltr'><strong>ad</strong></span> 
     </span>
     <span class='ocr_line' id='line_1_25' title="bbox 267 3131 1393 3212; baseline 0 -20"><span class='ocrx_word' id='word_1_186' title='bbox 267 3151 394 3193; x_wconf 85' lang='lat' dir='ltr'><strong>veram</strong></span> <span class='ocrx_word' id='word_1_187' title='bbox 417 3140 454 3194; x_wconf 89' lang='lat' dir='ltr'><strong>ct</strong></span> <span class='ocrx_word' id='word_1_188' title='bbox 476 3132 761 3194; x_wconf 83' lang='lat' dir='ltr'><strong>immutabilem</strong></span> <span class='ocrx_word' id='word_1_189' title='bbox 791 3131 968 3212; x_wconf 88' lang='lat' dir='ltr'><strong>alicujus</strong></span> <span class='ocrx_word' id='word_1_190' title='bbox 998 3131 1055 3194; x_wconf 90' lang='lat' dir='ltr'><strong>rei</strong></span> <span class='ocrx_word' id='word_1_191' title='bbox 1086 3131 1302 3194; x_wconf 87' lang='lat' dir='ltr'><strong>essentiam</strong></span> <span class='ocrx_word' id='word_1_192' title='bbox 1326 3150 1393 3212; x_wconf 88' lang='lat' dir='ltr'><strong>pcr-</strong></span> 
     </span>
     <span class='ocr_line' id='line_1_26' title="bbox 268 3241 1392 3324; baseline -0.002 -20"><span class='ocrx_word' id='word_1_193' title='bbox 268 3241 412 3306; x_wconf 86' lang='lat' dir='ltr'><strong>tiueutab</strong></span> <span class='ocrx_word' id='word_1_194' title='bbox 431 3243 468 3304; x_wconf 89' lang='lat' dir='ltr'><strong>iis</strong></span> <span class='ocrx_word' id='word_1_195' title='bbox 491 3261 586 3324; x_wconf 81' lang='lat' dir='ltr'><strong>qrtae</strong></span> <span class='ocrx_word' id='word_1_196' title='bbox 609 3263 682 3305; x_wconf 94' lang='lat' dir='ltr'><strong>nun</strong></span> <span class='ocrx_word' id='word_1_197' title='bbox 707 3243 786 3304; x_wconf 90' lang='lat' dir='ltr'><strong>nisi</strong></span> <span class='ocrx_word' id='word_1_198' title='bbox 810 3261 878 3323; x_wconf 86' lang='lat' dir='ltr'><strong>per</strong></span> <span class='ocrx_word' id='word_1_199' title='bbox 900 3243 1130 3322; x_wconf 79' lang='lat' dir='ltr'><strong>figmentum</strong></span> <span class='ocrx_word' id='word_1_200' title='bbox 1153 3241 1392 3303; x_wconf 84' lang='lat' dir='ltr'><strong>intellectus</strong></span> 
     </span>
     <span class='ocr_line' id='line_1_27' title="bbox 268 3349 1392 3430; baseline -0.003 -16"><span class='ocrx_word' id='word_1_201' title='bbox 268 3354 333 3414; x_wconf 92' lang='lat' dir='ltr'><strong>illi</strong></span> <span class='ocrx_word' id='word_1_202' title='bbox 357 3353 607 3430; x_wconf 87' lang='lat' dir='ltr'><strong>tribuuntur,</strong></span> <span class='ocrx_word' id='word_1_203' title='bbox 643 3353 758 3416; x_wconf 89' lang='lat' dir='ltr'><strong>etiamsi</strong></span> <span class='ocrx_word' id='word_1_204' title='bbox 789 3353 861 3415; x_wconf 90' lang='lat' dir='ltr'><strong>satis</strong></span> <span class='ocrx_word' id='word_1_205' title='bbox 891 3353 1095 3428; x_wconf 83' lang='lat' dir='ltr'><strong>advertamus,</strong></span> <span class='ocrx_word' id='word_1_206' title='bbox 1131 3351 1332 3413; x_wconf 83' lang='lat' dir='ltr'><strong>exsistentiam</strong></span> <span class='ocrx_word' id='word_1_207' title='bbox 1355 3349 1392 3412; x_wconf 92' lang='lat' dir='ltr'><strong>ad</strong></span> 
     </span>
     <span class='ocr_line' id='line_1_28' title="bbox 268 3461 1393 3544; baseline -0.002 -20"><span class='ocrx_word' id='word_1_208' title='bbox 268 3463 320 3525; x_wconf 83' lang='lat' dir='ltr'><strong>llei</strong></span> <span class='ocrx_word' id='word_1_209' title='bbox 344 3465 502 3526; x_wconf 86' lang='lat' dir='ltr'><strong>essentiam</strong></span> <span class='ocrx_word' id='word_1_210' title='bbox 524 3465 693 3544; x_wconf 87' lang='lat' dir='ltr'><strong>pertinere,</strong></span> <span class='ocrx_word' id='word_1_211' title='bbox 728 3471 910 3526; x_wconf 86' lang='lat' dir='ltr'><strong>nontamen</strong></span> <span class='ocrx_word' id='word_1_212' title='bbox 941 3463 1012 3524; x_wconf 89' lang='lat' dir='ltr'><strong>inde</strong></span> <span class='ocrx_word' id='word_1_213' title='bbox 1039 3461 1263 3536; x_wconf 82' lang='lat' dir='ltr'><strong>concludimus,</strong></span> <span class='ocrx_word' id='word_1_214' title='bbox 1298 3461 1393 3522; x_wconf 88' lang='lat' dir='ltr'><strong>Deum</strong></span> 
     </span>
     <span class='ocr_line' id='line_1_29' title="bbox 268 3571 1392 3654; baseline -0.002 -20"><span class='ocrx_word' id='word_1_215' title='bbox 268 3574 421 3647; x_wconf 83' lang='lat' dir='ltr'><strong>exsistere,</strong></span> <span class='ocrx_word' id='word_1_216' title='bbox 446 3573 515 3653; x_wconf 86' lang='lat' dir='ltr'><strong>quia</strong></span> <span class='ocrx_word' id='word_1_217' title='bbox 538 3573 688 3634; x_wconf 85' lang='lat' dir='ltr'><strong>nescimus</strong></span> <span class='ocrx_word' id='word_1_218' title='bbox 709 3591 746 3634; x_wconf 90' lang='lat' dir='ltr'><strong>an</strong></span> <span class='ocrx_word' id='word_1_219' title='bbox 770 3574 835 3654; x_wconf 85' lang='lat' dir='ltr'><strong>ejus</strong></span> <span class='ocrx_word' id='word_1_220' title='bbox 858 3574 985 3634; x_wconf 88' lang='lat' dir='ltr'><strong>essentia</strong></span> <span class='ocrx_word' id='word_1_221' title='bbox 1003 3571 1042 3633; x_wconf 90' lang='lat' dir='ltr'><strong>sit</strong></span> <span class='ocrx_word' id='word_1_222' title='bbox 1060 3571 1252 3634; x_wconf 90' lang='lat' dir='ltr'><strong>immutabilis</strong></span> <span class='ocrx_word' id='word_1_223' title='bbox 1275 3580 1303 3632; x_wconf 87' lang='lat' dir='ltr'><strong>ct</strong></span> <span class='ocrx_word' id='word_1_224' title='bbox 1327 3589 1392 3632; x_wconf 89' lang='lat' dir='ltr'><strong>vera</strong></span> 
     </span>
     <span class='ocr_line' id='line_1_30' title="bbox 268 3681 1393 3763; baseline -0.004 -19"><span class='ocrx_word' id='word_1_225' title='bbox 268 3701 305 3744; x_wconf 87' lang='lat' dir='ltr'><strong>au</strong></span> <span class='ocrx_word' id='word_1_226' title='bbox 328 3691 442 3744; x_wconf 83' lang='lat' dir='ltr'><strong>tantum</strong></span> <span class='ocrx_word' id='word_1_227' title='bbox 464 3701 481 3744; x_wconf 85' lang='lat' dir='ltr'><strong>a</strong></span> <span class='ocrx_word' id='word_1_228' title='bbox 505 3682 591 3743; x_wconf 90' lang='lat' dir='ltr'><strong>nobis</strong></span> <span class='ocrx_word' id='word_1_229' title='bbox 613 3681 718 3744; x_wconf 84' lang='lat' dir='ltr'><strong>efficta.</strong></span> <span class='ocrx_word' id='word_1_230' title='bbox 765 3684 822 3744; x_wconf 86' lang='lat' dir='ltr'><strong>Sed</strong></span> <span class='ocrx_word' id='word_1_231' title='bbox 847 3690 879 3744; x_wconf 90' lang='lat' dir='ltr'><strong>ut</strong></span> <span class='ocrx_word' id='word_1_232' title='bbox 898 3681 997 3763; x_wconf 52' lang='lat' dir='ltr'><strong>‘prima</strong></span> <span class='ocrx_word' id='word_1_233' title='bbox 1021 3682 1112 3762; x_wconf 89' lang='lat' dir='ltr'><strong>hujus</strong></span> <span class='ocrx_word' id='word_1_234' title='bbox 1128 3681 1308 3742; x_wconf 86' lang='lat' dir='ltr'><strong>difficultatis</strong></span> <span class='ocrx_word' id='word_1_235' title='bbox 1324 3699 1393 3760; x_wconf 86' lang='lat' dir='ltr'><strong>pars</strong></span> 
     </span>
     <span class='ocr_line' id='line_1_31' title="bbox 270 3791 1393 3873; baseline -0.004 -18"><span class='ocrx_word' id='word_1_236' title='bbox 270 3794 391 3855; x_wconf 84' lang='lat' dir='ltr'><strong>tollatur</strong></span> <span class='ocrx_word' id='word_1_237' title='bbox 413 3803 458 3854; x_wconf 90' lang='lat' dir='ltr'><strong>est</strong></span> <span class='ocrx_word' id='word_1_238' title='bbox 479 3793 725 3872; x_wconf 85' lang='lat' dir='ltr'><strong>distinguendum</strong></span> <span class='ocrx_word' id='word_1_239' title='bbox 748 3793 826 3853; x_wconf 90' lang='lat' dir='ltr'><strong>inter</strong></span> <span class='ocrx_word' id='word_1_240' title='bbox 855 3793 1131 3854; x_wconf 88' lang='lat' dir='ltr'><strong>exsistentiam</strong></span> <span class='ocrx_word' id='word_1_241' title='bbox 1155 3791 1393 3873; x_wconf 86' lang='lat' dir='ltr'><strong>possibilem</strong></span> 
     </span>
     <span class='ocr_line' id='line_1_32' title="bbox 269 3900 1392 3983; baseline -0.004 -17"><span class='ocrx_word' id='word_1_242' title='bbox 269 3915 301 3966; x_wconf 93' lang='lat' dir='ltr'><strong>et</strong></span> <span class='ocrx_word' id='word_1_243' title='bbox 321 3903 605 3979; x_wconf 83' lang='lat' dir='ltr'><strong>necessariam,</strong></span> <span class='ocrx_word' id='word_1_244' title='bbox 630 3904 853 3982; x_wconf 78' lang='lat' dir='ltr'><strong>notandumque</strong></span> <span class='ocrx_word' id='word_1_245' title='bbox 875 3903 914 3964; x_wconf 91' lang='lat' dir='ltr'><strong>in</strong></span> <span class='ocrx_word' id='word_1_246' title='bbox 938 3921 1071 3965; x_wconf 90' lang='lat' dir='ltr'><strong>eorum</strong></span> <span class='ocrx_word' id='word_1_247' title='bbox 1094 3903 1215 3983; x_wconf 89' lang='lat' dir='ltr'><strong>quidem</strong></span> <span class='ocrx_word' id='word_1_248' title='bbox 1238 3900 1392 3962; x_wconf 88' lang='lat' dir='ltr'><strong>omnium</strong></span> 
     </span>
     <span class='ocr_line' id='line_1_33' title="bbox 270 4010 1394 4094; baseline -0.004 -19"><span class='ocrx_word' id='word_1_249' title='bbox 270 4033 367 4094; x_wconf 81' lang='lat' dir='ltr'><strong>qunc</strong></span> <span class='ocrx_word' id='word_1_250' title='bbox 389 4013 484 4075; x_wconf 89' lang='lat' dir='ltr'><strong>clarc</strong></span> <span class='ocrx_word' id='word_1_251' title='bbox 506 4019 543 4074; x_wconf 88' lang='lat' dir='ltr'><strong>et</strong></span> <span class='ocrx_word' id='word_1_252' title='bbox 564 4014 758 4075; x_wconf 88' lang='lat' dir='ltr'><strong>distincte</strong></span> <span class='ocrx_word' id='word_1_253' title='bbox 780 4013 1073 4093; x_wconf 89' lang='lat' dir='ltr'><strong>intelliguntur</strong></span> <span class='ocrx_word' id='word_1_254' title='bbox 1096 4019 1288 4091; x_wconf 88' lang='lat' dir='ltr'><strong>conceptu</strong></span> <span class='ocrx_word' id='word_1_255' title='bbox 1313 4010 1394 4070; x_wconf 86' lang='lat' dir='ltr'><strong>sive</strong></span> 
     </span>
     <span class='ocr_line' id='line_1_34' title="bbox 270 4117 1393 4203; baseline -0.007 -17"><span class='ocrx_word' id='word_1_256' title='bbox 270 4125 347 4186; x_wconf 84' lang='lat' dir='ltr'><strong>idea</strong></span> <span class='ocrx_word' id='word_1_257' title='bbox 371 4123 646 4185; x_wconf 86' lang='lat' dir='ltr'><strong>exsistentiam</strong></span> <span class='ocrx_word' id='word_1_258' title='bbox 669 4123 905 4203; x_wconf 82' lang='lat' dir='ltr'><strong>possibilem</strong></span> <span class='ocrx_word' id='word_1_259' title='bbox 929 4123 1144 4197; x_wconf 88' lang='lat' dir='ltr'><strong>contineri,</strong></span> <span class='ocrx_word' id='word_1_260' title='bbox 1170 4121 1221 4182; x_wconf 91' lang='lat' dir='ltr'><strong>sed</strong></span> <span class='ocrx_word' id='word_1_261' title='bbox 1245 4117 1393 4180; x_wconf 89' lang='lat' dir='ltr'><strong>nullibi</strong></span> 
     </span>
     <span class='ocr_line' id='line_1_35' title="bbox 270 4229 1394 4297; baseline -0.008 0"><span class='ocrx_word' id='word_1_262' title='bbox 270 4235 536 4297; x_wconf 83' lang='lat' dir='ltr'><strong>necessariam</strong></span> <span class='ocrx_word' id='word_1_263' title='bbox 565 4235 645 4296; x_wconf 91' lang='lat' dir='ltr'><strong>nisi</strong></span> <span class='ocrx_word' id='word_1_264' title='bbox 676 4235 715 4296; x_wconf 89' lang='lat' dir='ltr'><strong>in</strong></span> <span class='ocrx_word' id='word_1_265' title='bbox 746 4235 831 4296; x_wconf 88' lang='lat' dir='ltr'><strong>sula</strong></span> <span class='ocrx_word' id='word_1_266' title='bbox 864 4235 950 4296; x_wconf 87' lang='lat' dir='ltr'><strong>idea</strong></span> <span class='ocrx_word' id='word_1_267' title='bbox 980 4235 1059 4296; x_wconf 84' lang='lat' dir='ltr'><strong>llei.</strong></span> <span class='ocrx_word' id='word_1_268' title='bbox 1106 4233 1218 4295; x_wconf 86' lang='lat' dir='ltr'><strong>Deinde</strong></span> <span class='ocrx_word' id='word_1_269' title='bbox 1249 4239 1282 4293; x_wconf 91' lang='lat' dir='ltr'><strong>ut</strong></span> <span class='ocrx_word' id='word_1_270' title='bbox 1303 4229 1394 4290; x_wconf 86' lang='lat' dir='ltr'><strong>altera</strong></span> 
     </span>
     <span class='ocr_line' id='line_1_36' title="bbox 269 4341 1393 4428; baseline -0.006 -22"><span class='ocrx_word' id='word_1_271' title='bbox 269 4363 339 4428; x_wconf 88' lang='lat' dir='ltr'><strong>pars</strong></span> <span class='ocrx_word' id='word_1_272' title='bbox 361 4345 546 4407; x_wconf 88' lang='lat' dir='ltr'><strong>dillicultatis</strong></span> <span class='ocrx_word' id='word_1_273' title='bbox 569 4345 690 4407; x_wconf 83' lang='lat' dir='ltr'><strong>tollatur</strong></span> <span class='ocrx_word' id='word_1_274' title='bbox 712 4345 924 4408; x_wconf 83' lang='lat' dir='ltr'><strong>advertendum</strong></span> <span class='ocrx_word' id='word_1_275' title='bbox 948 4353 1002 4422; x_wconf 89' lang='lat' dir='ltr'><strong>est,</strong></span> <span class='ocrx_word' id='word_1_276' title='bbox 1027 4341 1198 4419; x_wconf 79' lang='lat' dir='ltr'><strong>dissideas,</strong></span> <span class='ocrx_word' id='word_1_277' title='bbox 1223 4361 1298 4422; x_wconf 86' lang='lat' dir='ltr'><strong>quae</strong></span> <span class='ocrx_word' id='word_1_278' title='bbox 1320 4357 1393 4400; x_wconf 87' lang='lat' dir='ltr'><strong>nou</strong></span> 
     </span>
    </p>
   </div>
   <div class='ocr_carea' id='block_1_3' title="bbox 0 0 1627 5076">
    <p class='ocr_par' dir='ltr' id='par_1_3' title="bbox 0 0 1627 5076">
     <span class='ocr_line' id='line_1_37' title="bbox 0 0 1627 5076; baseline 0 0"><span class='ocrx_word' id='word_1_279' title='bbox 0 0 1627 5076; x_wconf 95' lang='lat' dir='ltr'><strong> </strong></span> 
     </span>
    </p>
   </div>
  </div>
 </body>
</html>
