3260 5058
700 466 1021 540 ,(54.-

298 649 453 734 proposuit
475 649 599 712 ethaeo
621 649 686 730 ejus
708 649 796 714 rerba
819 659 908 712 sunt:
939 653 1114 715 Exsistit
1137 673 1204 716 ens
1234 671 1419 716 necessa·

299 763 404 823 rium.
439 761 542 822 Anima
564 762 692 822 bumana
716 762 830 823 exsistit
853 761 934 838 (621
953 763 1127 844 Psyoboiog.
1142 766 1264 845 empir.)
1288 783 1341 825 seu
1364 781 1419 825 nos

298 873 466 934 exsistimus
490 877 522 948 (ς
544 871 583 933 id
606 871 742 952 Psyeboi.
768 873 900 952 omnir).
947 873 1092 945 Quoniam
1123 873 1197 935 nihil
1220 875 1350 935 estsine
1373 893 1419 935 ra-

298 983 378 1042 tione
401 981 584 1056 suiiioiente,
609 1001 662 1042 our
683 982 782 1062 potius
805 983 860 1057 sit,
896 987 985 1061 quain
1008 1003 1068 1043 non
1091 983 1130 1044 sit
1154 983 1240 1059 (570
1263 983 1416 1064 Ontoiog),

298 1093 372 1154 ratio
395 1093 546 1154 subiciens
570 1093 655 1153 detur
678 1109 800 1154 neeesse
823 1100 880 1168 est,
910 1111 964 1154 our
986 1094 1084 1155 anima
1108 1101 1206 1155 nostra
1231 1095 1345 1156 exsistit
1365 1115 1418 1156 seu

298 1221 428 1264 curuos
450 1203 630 1264 exsistimus.
669 1203 747 1263 Haeo
767 1203 839 1263 adeo
862 1203 939 1263 ratio
959 1211 1010 1264 aut
1032 1204 1063 1263 in
1082 1203 1232 1266 nobismet
1252 1203 1325 1284 ipsis
1348 1223 1419 1266 oon-

298 1313 410 1373 tinetur
430 1325 481 1373 aut
492 1313 532 1373 'in
557 1321 624 1373 ente
647 1313 773 1393 quodam
798 1313 855 1374 aiio
877 1333 892 1374 a
916 1313 1002 1374 nobis
1029 1313 1146 1374 diverso
1171 1319 1202 1390 (§
1222 1311 1263 1377 53
1286 1315 1415 1390 Ontoi.).

299 1423 409 1494 Quodsi
434 1441 543 1502 ponae,
579 1441 634 1483 nos
656 1423 800 1483 rationem
824 1421 1011 1484 exsistentiae
1033 1423 1143 1484 babere
1165 1424 1195 1484 in
1219 1433 1302 1498 ente,
1338 1425 1417 1504 quod

298 1531 396 1592 denuo
419 1531 563 1594 rationem
586 1533 773 1594 exsistentiae
795 1551 866 1594 suae
888 1533 919 1593 in
941 1533 999 1594 alio
1021 1533 1123 1610 babet,
1149 1553 1207 1594 non
1231 1535 1432 1614 pervenietur.

297 1641 334 1702 ad
357 1643 501 1703 rationem
524 1643 719 1703 subicientem
751 1643 809 1704 nisi
832 1643 950 1703 tandem
982 1643 1013 1703 in
1036 1651 1103 1704 ente
1132 1643 1231 1722 aliquo
1261 1643 1414 1719 subsistas,

298 1753 377 1830 (quod
400 1753 587 1814 exsistentiae
617 1771 686 1814 suae
709 1753 853 1814 rationem
876 1753 1073 1814 subicientem
1103 1753 1134 1814 in
1157 1753 1276 1833 seipso
1299 1753 1414 1815 habeat.

297 1863 355 1922 dut
377 1861 468 1941 igitur
489 1871 607 1924 nosmet
628 1859 684 1942 ipsi
709 1882 812 1924 sumus
842 1881 895 1923 ens
918 1860 1134 1936 necessarium,
1171 1871 1222 1924 aut
1248 1864 1335 1924 datur
1363 1883 1416 1924 ens

298 1971 497 2032 necessarium
517 1971 596 2031 aliud
615 1991 631 2031 a
651 1971 738 2032 nobis
757 1972 906 2033 diversum
925 1967 1176 2047 (ottobonus),
1201 1981 1417 2052 consequenter

298 2099 351 2140 ens
375 2081 576 2142 necessarium
598 2081 721 2141 exsistit.
768 2081 843 2141 Ens
866 2081 1139 2141 necessarium
1162 2099 1235 2141 non
1262 2081 1417 2162 indiget

297 2190 332 2250 vi
363 2190 468 2250 entis
497 2189 668 2251 alterius
698 2189 742 2250 ad
765 2189 1047 2250 exsistentem.
1093 2189 1156 2250 Ens
1178 2191 1257 2252 enim
1281 2209 1417 2252 neeessa-

297 2299 374 2360 rium
398 2299 542 2360 rationem
573 2299 770 2360 subicientem
802 2299 991 2359 exsistentiae
1021 2317 1092 2360 suae
1121 2299 1151 2359 in
1182 2319 1214 2360 se
1242 2299 1306 2380 ipso
1329 2302 1417 2363 babet

298 2415 332 2484 (§
355 2404 418 2470 309
441 2408 557 2485 (intel.)
587 2409 720 2488 adeoque
750 2409 780 2469 in
811 2416 879 2469 ente
908 2407 992 2468 nullo
1022 2425 1036 2469 a
1068 2401 1106 2469 se¹
1122 2410 1248 2471 diverso.
1294 2409 1417 2472 Exsistit

296 2518 395 2597 igitur,
421 2519 535 2580 etiamsi
558 2538 611 2580 eus
635 2519 715 2580 atiud
743 2519 780 2580 ab
802 2519 867 2598 ipso
890 2518 1037 2580 diversum
1061 2519 1175 2580 nullum
1203 2521 1342 2582 exsistere
1363 2541 1417 2602 po-

298 2638 385 2690 natur
407 2635 440 2705 (§
454 2626 515 2690 118
531 2630 659 2705 Ontoi.)‚
684 2637 901 2709 consequenter
922 2629 949 2690 vi
971 2629 1048 2690 entis
1070 2629 1193 2690 alterius
1215 2631 1250 2691 ad
1275 2631 1417 2693 exsisten-

297 2739 368 2801 dum
398 2757 457 2800 non
488 2740 609 2819 indiget.
656 2740 802 2810 Quoniam
834 2757 887 2800 ens
925 2739 1125 2801 necessarium
1157 2759 1217 2800 non
1247 2740 1360 2821 indiget
1388 2741 1415 2803 vi

297 2849 419 2910 alterius
451 2851 487 2911 ad
522 2850 722 2911 exsistentium
758 2855 792 2925 (§
815 2848 870 2924 25)
903 2850 938 2910 ri
971 2849 1133 2929 propria
1167 2849 1330 2912 exsistit
1362 2871 1414 2912 seu

297 2959 415 3020 sibimet
437 2959 493 3038 ipsi
516 2959 626 3020 subicit
648 2959 684 3019 ad
708 2959 919 3020 exsistendum.
954 2959 1013 3020 Ens
1036 2961 1119 3035 iilud,
1145 2960 1224 3039 quod
1246 2959 1273 3020 vi
1295 2961 1414 3040 propria

297 3069 428 3144 exsistit,
460 3087 512 3130 seu
535 3069 614 3148 quod
638 3087 697 3129 non
720 3069 832 3149 indiget
853 3069 881 3130 vi
904 3069 979 3131 entis
1002 3069 1122 3131 alterius
1145 3077 1178 3131 ut
1199 3067 1334 3144 exsistat,
1369 3069 1414 3130 di-

297 3183 374 3243 eitur
396 3199 463 3242 ens
486 3199 501 3242 a
525 3201 581 3257 se,
617 3181 697 3260 quod
719 3199 788 3242 vero
810 3181 923 3261 indiget
951 3182 978 3242 vi
1001 3182 1123 3243 alterius
1145 3189 1180 3243 ut
1202 3181 1320 3243 exsistat
1346 3197 1412 3241 ens

295 3292 340 3353 ab
370 3293 449 3354 aiio
479 3293 654 3373 appellatur.
699 3293 857 3357 Aseitas
887 3299 933 3354 est
966 3293 1195 3373 independentia
1228 3291 1414 3354 exsistentiae

295 3403 332 3464 ab
355 3411 423 3464 ente
445 3404 513 3464 aiio.
559 3403 680 3466 Datur
709 3423 814 3466 ensa
844 3422 893 3464 se.
939 3403 1000 3483 Eos
1023 3404 1103 3464 euim
1125 3423 1141 3464 a
1165 3421 1197 3464 se
1219 3421 1279 3463 non
1303 3403 1415 3481 indiget

295 3511 322 3572 vi
345 3515 421 3574 entis
443 3513 564 3574 alterius
592 3521 623 3574 ut
652 3515 773 3574 exsistat
803 3519 836 3592 (δ
859 3511 915 3590 27)
945 3515 1077 3594 adeoque
1106 3533 1160 3594 per
1189 3531 1223 3575 ea
1253 3533 1328 3592 quae
1357 3511 1413 3592 ipsi

295 3623 398 3683 insunt
419 3623 543 3701 intelligi
565 3629 679 3701 potest,
715 3641 769 3684 eur
796 3623 895 3703 potius
925 3624 1044 3684 exsistat
1075 3643 1162 3702 quam
1190 3642 1250 3684 non
1280 3623 1411 3696 exsistat,

295 3740 512 3812 consequenter
534 3732 678 3793 rationem
701 3733 888 3794 exsistentiae
918 3751 989 3794 suae
1019 3733 1214 3794 subicientem
1241 3734 1272 3794 in
1295 3752 1326 3794 se
1349 3733 1414 3812 ipso

295 3841 386 3902 habet
408 3846 440 3917 (5
464 3839 505 3902 50
528 3841 655 3917 Ontol.).
710 3841 909 3913 Quamobrem
939 3861 1029 3922 quurn
1061 3843 1098 3903 sit
1120 3849 1182 3904 'ens
1211 3843 1414 3904 necessarium

296 3957 330 4028 (§
353 3947 415 4014 309
438 3951 555 4029 Ontol.)
579 3971 632 4012 ens
654 3969 723 4012 rero
747 3951 947 4012 necessarium
970 3951 1091 4012 exsistat
1113 3972 1166 4013 seu
1189 3953 1277 4014 detur
1301 3957 1333 4027 (Q
1356 3949 1412 4025 24)

283 4037 387 4122 ensa
411 4063 561 4124 sedatur.
607 4061 684 4122 Ens
714 4081 728 4122 a
760 4081 798 4122 se
827 4061 1098 4142 independens
1128 4071 1196 4124 est.
1242 4063 1304 4122 Ens
1333 4061 1413 4120 enim

295 4191 367 4232 ase
389 4191 447 4232 non
482 4157 594 4252 indiget
622 4171 649 4232 vi
680 4173 756 4233 entis
785 4171 907 4232 alterius
938 4179 970 4234 ut
996 4173 1117 4233 exsistat
1146 4177 1178 4247 (§
1201 4169 1256 4246 27)
1280 4171 1413 4249 adeoque

296 4281 435 4342 exsistere
458 4289 571 4360 potest,
607 4281 722 4342 etiamsi
752 4290 868 4361 praeter
897 4281 994 4362 ipsum
1018 4302 1071 4343 ens
1093 4281 1173 4343 aliud
1196 4299 1256 4341 non
1280 4281 1410 4342 exsistat.
1493 4339 1499 4350 ,

296 4391 492 4464 Quamobrem
526 4411 617 4471 quum
651 4392 777 4454 essentia
812 4411 870 4454 non
905 4392 1006 4455 minus
1040 4389 1295 4468 (5300011201.)
1324 4408 1411 4471 quam
