3236 5076
653 384 977 452 „gg-

250 563 399 625 naturales
421 563 529 626 babere
551 564 651 626 vident
672 563 847 626 substantiis
869 565 1022 644 affingant.
1062 564 1095 626 Si
1116 572 1214 626 autem
1237 565 1374 627 homines

250 675 286 737 ad
311 683 445 736 naturam
468 674 700 736 substantiarum
723 674 907 736 attenderent
930 674 1053 736 minime
1075 675 1111 736 de
1127 675 1247 738 veritate
1269 674 1374 755 'lpro-

250 785 407 866 positionis
429 784 609 860 dubitarent,
634 786 694 844 imo
716 785 789 846 baec
811 783 974 864 propositio
997 785 1136 846 omnibus
1158 785 1271 846 axioma
1295 790 1375 848 esset

251 903 280 956 et
302 895 379 956 inter
400 893 538 956 notiones
560 913 735 956 communes
759 902 976 956 numeraretur.
1011 895 1084 956 Naxo
1104 913 1158 974 per
1176 895 1373 956 substantiam

250 1005 449 1084 intelligerent
471 1005 500 1066 id
524 997 603 1086 quod
626 1005 657 1066 in
679 1023 712 1066 se
733 1014 779 1066 est
800 1013 829 1066 et
850 1024 905 1085 per
926 1023 958 1066 se
975 1005 1143 1084 concipitur
1158 1005 1214 1066 boc
1231 1004 1373 1084 estcujus

250 1115 380 1195 cognitio
403 1135 463 1176 non
485 1115 598 1195 indiget
620 1115 788 1195 cognitione
817 1115 939 1177 alterius
963 1115 1016 1178 rei.
1062 1115 1118 1177 Per
1141 1115 1373 1176 modificationes

249 1236 348 1287 autem
373 1226 401 1286 id
426 1226 506 1306 quod
528 1225 559 1286 in
582 1225 640 1286 alio
664 1234 709 1288 est
731 1235 760 1286 et
782 1243 908 1306 quarum
937 1234 1098 1306 conceptus
1121 1245 1137 1286 a
1160 1232 1306 1304 conceptu
1329 1224 1373 1286 rei

249 1336 280 1397 in
304 1355 361 1415 qua
385 1343 456 1396 sunt
477 1336 630 1410 formatur,
655 1337 793 1415 quocirca
808 1335 1061 1396 modificationum
1083 1354 1144 1396 non
1167 1333 1373 1396 exsistentium

249 1464 332 1507 veras
354 1445 436 1506 ideas
458 1463 617 1526 possumus
639 1445 767 1520 habere,
799 1445 1040 1525 quandoquidem
1070 1445 1205 1524 quamuis
1234 1463 1294 1506 uon
1325 1463 1374 1506 ex·

249 1555 357 1617 sistant
384 1563 452 1618 actu
475 1563 554 1618 extra
584 1555 768 1618 intellectum
791 1573 893 1616 earum
923 1565 1020 1616 tamen
1045 1555 1174 1618 essentia
1198 1555 1237 1616 ita
1260 1555 1291 1616 in
1314 1554 1372 1616 alio

249 1667 529 1747 comprehenditur,
561 1674 595 1727 ut
615 1685 670 1746 per
692 1666 770 1727 idem
794 1665 910 1746 concipi
933 1666 1059 1746 possint.
1104 1665 1213 1726 Verum
1236 1664 1374 1728 substan·

250 1777 357 1838 tiarum
380 1777 487 1838 veritas
517 1785 597 1838 extra
627 1775 810 1838 intellectum
834 1795 893 1836 non
918 1783 964 1836 est
985 1775 1043 1836 nisi
1069 1775 1101 1836 in
1123 1794 1156 1836 se
1178 1774 1268 1854 ipsis,
1304 1774 1373 1854 quia

249 1905 303 1966 per
321 1905 353 1946 se
372 1885 592 1967 concipiuntur.
625 1886 656 1947 Si
676 1887 744 1966 quis
763 1905 833 1965 ergo
852 1885 963 1948 diceret
982 1904 1014 1946 se
1034 1885 1143 1946 claram
1162 1893 1192 1946 et
1203 1885 1372 1946 distinctam

249 1996 307 2056 boc
336 2005 382 2056 est
410 2015 508 2056 veram
539 1996 635 2056 ideam
665 1995 846 2058 substantiae
883 1991 993 2058 babere
1029 2005 1059 2056 et
1095 1994 1289 2056 nibilominus
1319 1995 1373 2056 du-

249 2104 362 2179 bitare,
397 2124 469 2166 num
494 2105 561 2166 talis
583 2104 745 2166 substantia
770 2107 905 2180 exsistat,
940 2105 1019 2166 idem
1048 2103 1148 2166 hercle
1178 2112 1256 2166 esset
1284 2123 1318 2165 ac
1347 2105 1372 2165 si

250 2215 378 2289 diceret,
414 2234 446 2276 se
467 2233 566 2276 veram
589 2214 699 2276 habere
722 2215 817 2276 ideam
841 2223 871 2276 et
892 2214 1088 2276 nibilominus
1111 2214 1265 2288 dubitare,
1300 2233 1372 2275 num

249 2325 321 2386 falsa
344 2324 401 2398 sit,
435 2325 479 2386 vel
504 2325 528 2386 si
552 2326 620 2405 quis
643 2333 768 2401 statuat,
804 2325 999 2387 substantiam
1029 2325 1124 2386 creari
1147 2325 1237 2386 simul
1259 2325 1370 2402 statuit,

251 2436 348 2497 ideam
372 2436 475 2500 lalsam
499 2437 603 2500 laetam
626 2455 692 2498 esse
714 2455 823 2512 veram,
848 2455 907 2516 quo
929 2455 1000 2498 sane
1023 2436 1096 2497 nihil
1120 2436 1280 2498 absurdius
1302 2454 1372 2496 con-

129 2595 135 2602 .
248 2546 307 2628 cipi
330 2555 444 2627 potest;
479 2547 612 2628 adeoque
642 2547 794 2610 latendum
824 2555 870 2608 est
899 2547 1084 2622 necessario,
1120 2546 1301 2608 substantiae
1324 2565 1372 2606 ex-

249 2657 416 2718 sistentiam
440 2659 517 2719 sicut
538 2658 604 2738 ejus
627 2658 785 2720 essentiam
808 2665 959 2720 aeternam
983 2676 1048 2719 esse
1073 2657 1233 2718 veritatem.
1278 2657 1372 2734 Atque

249 2767 320 2828 binc
348 2768 406 2828 alio
438 2768 526 2828 modo
556 2768 733 2828 concludere
762 2786 941 2846 possumus,
983 2785 1043 2828 non
1075 2766 1138 2828 dari
1167 2765 1226 2826 nisi
1255 2767 1372 2826 unicam

249 2875 384 2956 ejusdem
407 2885 546 2952 naturae,
577 2877 656 2956 quod
679 2877 728 2936 bic
750 2877 906 2938 ostendero
929 2896 1035 2957 operae
1058 2876 1186 2956 pretium
1209 2876 1290 2938 duxi
1335 2876 1373 2936 Ut

249 2994 346 3046 autem
371 2987 427 3046 boc
449 2985 554 3046 ordine
576 2986 680 3046 faciam
704 2987 867 3048 notandum
895 2995 957 3048 est:
992 2987 1117 3066 primo
1148 3005 1246 3046 veram
1271 2985 1373 3046 unius·

249 3095 396 3176 cujusque
418 3096 461 3157 rei
485 3095 687 3158 definitionem
709 3095 783 3157 nibil
802 3095 952 3156 involvere
971 3115 1066 3176 neque
1081 3096 1246 3175 exprimere
1257 3103 1373 3174 praeter

248 3207 291 3268 rei
314 3206 452 3268 definitae
475 3214 622 3267 naturam.
667 3206 710 3267 Ex
740 3225 800 3285 quo
823 3206 959 3286 sequitur
989 3207 1163 3266 secundo
1186 3205 1298 3268 nullam
1321 3206 1373 3268 de-

248 3317 413 3378 finitionem
445 3325 557 3378 certum
588 3317 717 3398 aliquem
740 3335 898 3378 numerum
922 3315 1142 3378 indiuiduorum
1167 3320 1227 3390 (ex.
1252 3335 1296 3394 gr.
1321 3316 1373 3378 tle-

248 3427 413 3488 finitionem
443 3428 582 3508 trianguli
614 3447 672 3488 non
704 3435 817 3488 certum
848 3445 1005 3489 numerum
1028 3427 1257 3506 triangulorum)
1280 3425 1373 3488 invol-

249 3555 315 3598 vere
327 3556 423 3616 neque
435 3537 612 3616 exprimere.
645 3537 782 3604 Tertio
805 3537 980 3608 notandum,
1005 3536 1068 3597 dari
1086 3535 1253 3596 necessario
1269 3535 1373 3596 unius-

249 3645 394 3726 cnjusque
424 3646 466 3706 rei
497 3645 667 3708 exsistentis
698 3654 808 3706 certam
839 3646 968 3726 aliquam
999 3663 1119 3706 causam
1140 3656 1262 3725 propter
1284 3663 1373 3724 quam

249 3755 373 3818 exsistit.
431 3755 577 3826 Quarto
611 3755 739 3836 denique
773 3755 955 3830 notandum,
990 3755 1068 3816 banc
1100 3774 1220 3816 oausam
1253 3762 1378 3836 propter

250 3885 339 3946 quam
362 3865 461 3946 aliqua
483 3884 532 3926 res
562 3865 677 3926 exsistit
698 3864 743 3926 vel
774 3864 881 3926 debere
903 3864 1050 3926 contineri
1076 3865 1107 3926 in
1131 3865 1195 3945 ipsa
1218 3871 1322 3926 natura
1345 3871 1374 3926 et

250 3977 422 4038 definitione
455 3976 498 4037 rei
532 3976 701 4038 exsistentis
734 3975 779 4038 vel
813 3975 921 4038 debere
954 3983 1036 4038 extra
1068 3976 1163 4056 ipsam
1197 3974 1270 4038 dari.
1321 3973 1374 4036 llis

249 4087 354 4167 positis
377 4087 522 4168 sequitur,
547 4088 625 4167 quod
650 4087 674 4146 si
698 4087 729 4148 in
752 4094 857 4148 natura
880 4095 979 4150 certus
1001 4087 1109 4167 aliquis
1130 4103 1274 4146 numerus
1297 4084 1374 4146 indi-

251 4197 406 4258 viduorum
431 4202 488 4272 (ex.
514 4217 558 4278 gr.
577 4195 618 4258 20
641 4195 812 4274 bominum)
836 4197 966 4271 exsistat,
992 4197 1098 4258 debeat
1118 4193 1288 4256 necessario
1311 4193 1373 4256 dari

250 4327 355 4382 causa,
392 4327 445 4370 cur
474 4309 523 4370 illa
555 4308 705 4386 individua
735 4317 764 4370 et
785 4327 840 4372 cur
870 4328 930 4372 non
959 4309 1045 4390 plura
1076 4326 1130 4370 nec
1157 4305 1295 4386 pauciora
1325 4323 1374 4384 ex-
