3236 5076
628 498 713 510 .-
765 423 950 530 π-

226 645 333 706 forte
363 660 505 706 causas
534 641 808 723 particulares
828 640 873 704 ad
904 659 956 704 me
978 637 1235 704 efficiendum
1258 657 1350 702 con·

229 753 409 816 currisse
438 759 467 816 et
488 751 526 814 ab
548 771 607 814 una
630 751 728 814 ideam
756 750 846 815 unius
868 770 884 812 e
906 749 1158 832 perfectionibus,
1192 767 1266 830 quas
1289 749 1350 812 [leo

230 863 339 939 tribuo,
363 861 400 924 ab
422 861 479 924 alin
502 861 598 924 ideam
621 860 745 924 alterius
765 879 815 923 mc
836 860 996 942 accepisse,
1020 860 1094 922 adeo
1113 867 1147 922 ut
1162 878 1266 922 omnes
1283 859 1350 939 qui·

229 974 297 1036 dem
319 973 388 1036 illae
410 971 607 1054 perfectiones
628 971 736 1034 alicubi
758 971 790 1034 in
812 971 951 1035 universo
975 969 1177 1050 reperiantur,
1212 969 1264 1032 sed
1288 987 1349 1032 non

230 1102 334 1146 omnes
355 1083 444 1146 simul
470 1082 593 1163 junctae
614 1087 645 1144 ln
670 1101 730 1144 uno
752 1082 853 1164 aliquo
874 1080 928 1161 qui
954 1081 995 1142 sit
1016 1080 1106 1144 Deus.
1150 1081 1225 1142 Nam
1247 1088 1350 1144 contra

229 1194 381 1270 unitos,
414 1192 661 1274 simplicitas
683 1192 751 1262 siue¹
763 1191 1000 1272 inseparabilitas
1012 1211 1116 1255 eorum
1127 1191 1261 1254 omnium
1273 1209 1350 1272 quac

229 1303 261 1366 iu
284 1302 343 1366 Deo
364 1311 435 1368 sunt
457 1323 515 1366 una
545 1311 591 1365 est
612 1321 647 1366 ex
676 1301 844 1384 praecipuis
873 1301 1124 1382 perfectionibus,
1159 1320 1233 1382 quas
1255 1301 1286 1364 in
1314 1320 1350 1362 eo

229 1433 302 1480 csso.
317 1414 450 1495 intelligo
472 1433 528 1476 nec
550 1425 630 1478 certe
652 1413 740 1478 istius
762 1413 899 1476 omniunt
914 1413 979 1494 ejus
996 1413 1210 1494 perfectionum
1227 1411 1350 1476 unitatis

227 1524 294 1586 idea
316 1525 347 1586 in
370 1543 418 1586 me
440 1524 538 1604 potuit
559 1523 628 1604 poni
652 1523 689 1586 ab
710 1522 770 1586 ulla
792 1541 881 1586 causa
904 1541 920 1584 a
943 1541 1001 1603 qua
1024 1523 1112 1586 etiam
1135 1523 1260 1584 aliarum
1283 1540 1350 1603 per·

229 1635 391 1696 fectionum
403 1635 499 1696 ideam
513 1653 572 1696 non
585 1633 753 1696 habuerim.
788 1633 938 1705 Quantum
958 1633 1088 1712 denique
1103 1633 1140 1694 ad
1162 1641 1350 1714 parentes

228 1744 351 1818 attinet,
386 1751 419 1803 ut
441 1742 541 1804 omnia
563 1761 629 1804 rere
652 1741 712 1803 sint
735 1760 811 1821 quae
834 1741 871 1802 de
893 1740 953 1802 illis
984 1759 1115 1822 unquam
1138 1742 1255 1820 pnmvi,
1289 1759 1349 1802 non

231 1861 329 1914 temen
352 1853 483 1931 prolecto
505 1851 549 1916 illi
571 1870 619 1914 me
642 1859 835 1927 conservant,
859 1869 916 1912 noc
938 1851 1000 1914 ullo
1022 1851 1111 1915 modo
1133 1869 1181 1912 me
1204 1859 1351 1932 quatenus

233 1977 301 2024 sum
323 1979 371 2024 res
393 1947 527 2041 cogita'ns
551 1963 731 2037 effecerunt,
757 1961 810 2024 sed
833 1969 950 2024 tantum
973 1960 1183 2042 dispositiones
1206 1961 1348 2042 quasdam

231 2071 264 2133 in
280 2089 313 2134 ea
329 2072 449 2134 materia
461 2081 640 2152 posuerunt,
664 2071 712 2136 cui
735 2091 783 2136 me
805 2073 862 2136 boo
884 2079 929 2136 est
950 2080 1079 2137 mentem
1102 2072 1200 2134 inesse
1219 2071 1349 2154 judicavi

229 2202 265 2246 ac
285 2183 410 2264 pminde
433 2183 481 2246 bic
502 2184 584 2246 nulla
605 2185 641 2246 de
670 2183 708 2246 iis
737 2184 895 2248 difficultas
924 2203 989 2248 esse
1018 2192 1133 2265 potest;
1178 2183 1239 2248 sed
1272 2202 1351 2248 om·

229 2294 322 2356 nino
344 2302 405 2356 est
425 2295 760 2371 concludendum,
785 2315 828 2358 er
849 2296 920 2358 boo
942 2294 1024 2356 solo
1042 2293 1143 2376 quod
1165 2294 1349 2356 exsistam
1403 2293 1406 2298 ’

230 2405 498 2485 quaedamque
527 2405 613 2468 idea
644 2406 749 2468 entis
779 2405 1071 2485 perfectissimi
1101 2405 1172 2466 boc
1201 2413 1261 2466 est
1282 2385 1349 2469 b'ei

231 2513 268 2574 in
291 2533 345 2576 me
368 2515 421 2576 sit
443 2515 745 2576 evidentissime
774 2514 1062 2588 demonstrari,
1094 2514 1209 2576 Deum
1233 2514 1349 2576 etiam

232 2641 329 2684 esse.
386 2623 530 2701 Superest
562 2631 694 2696 tantum,
740 2629 772 2683 ut
806 2621 990 2694 examinem,
1025 2641 1082 2701 qua
1115 2623 1229 2684 ratione
1263 2623 1349 2684 istam

134 2788 138 2798 ,
232 2729 329 2792 ideam
349 2750 365 2792 a
388 2731 450 2792 lieo
471 2731 589 2810 accepi;
625 2749 721 2811 neque
751 2731 830 2794 eninr
860 2731 910 2794 illa
932 2751 947 2794 a
971 2731 1111 2794 sensibus
1141 2750 1349 2812 necunquam

232 2859 291 2902 non
315 2840 496 2921 exspectanti
518 2841 637 2904 advenit
658 2859 714 2904 nec
735 2842 823 2906 etiarn
845 2861 861 2904 a
885 2861 932 2906 rne
961 2843 1056 2904 efficta
1084 2851 1144 2919 est;
1178 2860 1245 2904 narn
1274 2841 1349 2905 nibil

229 2951 267 3013 ab
289 2951 339 3014 illo
362 2951 526 3027 detrahere,
551 2951 626 3014 nibil
648 2951 691 3014 illi
713 2952 912 3034 superaddere
930 2953 1016 3032 plano
1034 2971 1157 3033 possum
1175 2971 1210 3014 ac
1226 2952 1350 3032 proinde

229 3069 382 3142 superest,
418 3069 451 3124 ut
480 3061 551 3124 milri
581 3063 621 3124 sit
649 3063 802 3136 innata,
838 3083 926 3143 quern
956 3063 991 3124 ad
1021 3063 1143 3126 modum
1166 3063 1253 3124 etiam
1277 3062 1349 3124 mibi

229 3172 328 3234 innata
352 3181 397 3234 est
419 3172 483 3234 idea
506 3172 564 3234 mei
587 3172 692 3252 ipsius.
727 3175 859 3254 Totaque
875 3173 918 3236 vis
936 3173 1103 3252 argumenti
1126 3173 1157 3234 in
1179 3191 1215 3234 eo
1238 3180 1293 3246 est,
1319 3180 1351 3232 ιιι

229 3299 387 3360 agnoscam
412 3282 507 3344 fieri
529 3301 604 3344 non
626 3301 760 3361 posse,
791 3291 832 3344 ut
853 3283 1042 3344 exsistam
1065 3281 1160 3342 talis
1184 3290 1349 3344 natrrrae

230 3389 361 3468 qualis
384 3409 483 3464 sum,
508 3409 642 3470 nempe
665 3391 790 3452 ideam
815 3391 881 3452 Dei
904 3390 1071 3466 liabens,
1095 3390 1175 3452 nisi
1199 3409 1238 3452 re
1260 3411 1348 3454 vera

230 3499 331 3561 licus
352 3499 469 3560 etiam
492 3500 726 3575 exsistcrst3
760 3501 839 3564 lleus
860 3501 982 3580 inquam
1001 3501 1050 3562 ille
1069 3501 1159 3576 idem,
1184 3500 1269 3582 cujus
1284 3502 1348 3566 idea

230 3608 260 3670 in
285 3628 332 3672 me
354 3617 399 3671 est
420 3609 477 3672 boc
499 3618 545 3672 est
573 3609 687 3672 babens
717 3629 820 3674 ornnes
849 3611 916 3674 illas
945 3611 1156 3693 perfectiones,
1191 3631 1266 3692 quas
1295 3632 1349 3692 ego

230 3737 290 3780 non
313 3719 563 3799 comprehendere
593 3721 644 3782 sed
674 3740 852 3801 quoeunque
880 3721 969 3786 modo
991 3723 1143 3804 adtingere
1172 3723 1349 3804 cogitatione

229 3848 351 3910 possum
381 3837 411 3890 et
438 3831 529 3891 nullis
557 3831 644 3910 plane
673 3831 837 3894 defectibus
866 3832 1023 3896 obnoxius.
1067 3833 1111 3894 Ex
1140 3833 1249 3914 quibus
1276 3833 1348 3896 satis

229 3947 318 4020 patet,
342 3939 427 4000 illum
450 3939 630 4002 fallacem
654 3959 720 4004 esse
742 3961 801 4004 non
824 3961 931 4022 posse;
967 3962 1086 4006 omnem
1112 3943 1193 4006 enim
1214 3944 1346 4007 fraudem

228 4057 258 4110 ct
279 4049 484 4130 deceptionem
506 4068 522 4110 a
545 4051 660 4112 defectu
689 4050 788 4130 aliquo
811 4054 940 4132 pendere
969 4053 1082 4118 lumine
1104 4052 1230 4117 naturali
1255 4053 1348 4116 rnani-

229 4161 335 4220 festum
359 4167 414 4220 est.
461 4160 519 4220 Sed
541 4159 713 4239 priusquam
738 4161 794 4222 boc
816 4163 986 4242 diligentius
1013 4163 1177 4226 examinem
1200 4163 1348 4243 simulque

228 4267 258 4328 iu
282 4267 354 4330 alias
376 4268 523 4344 veritates,
549 4288 624 4348 quae
646 4270 715 4334 inde
737 4271 835 4352 colligi
858 4281 983 4353 possunt
1005 4273 1164 4354 inquiram,
1187 4272 1283 4352 placet
1298 4272 1347 4336 bic

228 4377 409 4457 aliquamdiu
431 4379 461 4440 iu
484 4378 580 4460 ipsius
603 4378 652 4442 uei
673 4382 1095 4462 contemplationeimmorari,
1121 4381 1187 4462 ejus
1205 4381 1344 4444 attributa
