3236 5076
264 609 356 672 „ergo
368 610 460 671 quum
478 590 630 652 intellecto
646 590 704 652 hoc
715 591 838 652 nomine
850 590 930 652 lleus
946 590 1045 652 statim
1063 589 1102 651 sit
1114 589 1143 650 in
1157 589 1309 652 intellectu
1321 589 1386 670 ipso

264 701 398 782 seqnitur
420 703 507 762 etiam
530 702 609 782 qood
633 701 724 762 sitin
748 705 824 778 re“;
859 701 916 762 hoe
939 709 993 775 est,
1018 720 1053 761 eo
1077 701 1142 782 ipso
1165 701 1244 779 qnod
1267 701 1297 761 in
1321 699 1386 779 ipso

264 820 410 892 conceptu
442 811 592 872 essentiali
623 812 700 872 eutis
730 830 789 891 quo
818 811 915 891 majus
945 811 1104 890 significari
1134 829 1192 871 non
1223 818 1321 890 potest
1342 810 1387 870 in·

264 919 397 982 volvatur
436 921 606 983 exsistentia
640 921 795 1001 sequitur,
841 921 915 982 illud
954 921 1052 1001 ipsum
1087 939 1140 982 ens
1174 940 1250 981 esse.
1306 919 1386 980 ldem

265 1030 301 1091 ll.
326 1031 533 1092 Cartesius
556 1032 662 1092 inient:
688 1031 810 1111 „atqui“
834 1031 932 1111 iuquit
954 1049 1008 1104 „ex
1032 1029 1157 1110 eoquod
1182 1047 1240 1090 nou
1264 1048 1387 1110 possum

266 1139 416 1219 „cogitare
438 1139 532 1201 Deum
564 1141 621 1201 nisi
652 1141 860 1215 exsistentem,
896 1141 1031 1220 sequitur
1059 1139 1259 1200 exsistentiam
1289 1139 1326 1201 ab
1353 1159 1388 1200 eo

266 1269 353 1323 „esse
376 1249 602 1329 inseparabilem
625 1269 660 1312 ae
681 1249 806 1330 proinde
829 1249 912 1311 illnm
942 1269 973 1311 re
998 1255 1062 1310 vera
1086 1249 1261 1312 exsistere.“
1305 1249 1389 1312 Nunc

267 1377 335 1420 vero
358 1361 389 1422 S.
413 1359 578 1420 Thomas
601 1367 630 1420 et
652 1357 729 1420 sibi
753 1369 782 1421 et
804 1359 1036 1421 D.Cartesio
1059 1361 1248 1440 respondeat.
1273 1359 1388 1435 „llato“

267 1467 365 1550 inquit
388 1469 489 1548 „quod
511 1467 637 1548 quilibet
659 1469 805 1549 intelligat
825 1469 882 1531 hoc
904 1471 1026 1531 nomine
1050 1470 1128 1530 [leus
1151 1469 1311 1549 significari
1333 1469 1390 1531 hoo

267 1579 367 1660 „quod
391 1579 508 1654 dieitur,
534 1579 647 1641 seilicet
669 1579 742 1640 illud
766 1599 827 1659 quo
851 1579 946 1660 majus
969 1580 1089 1659 eogitari
1114 1599 1174 1641 non
1198 1588 1305 1660 potest,
1329 1599 1390 1641 non

195 1701 198 1708 '
267 1697 387 1768 „tamen
412 1698 532 1770 propter
554 1689 611 1751 boe
634 1689 787 1770 sequitur,
822 1689 901 1770 qnod
925 1689 1088 1770 intelligat,
1122 1690 1151 1750 id
1174 1689 1253 1770 quod
1278 1689 1392 1770 signifi-

268 1807 375 1878 „oatur
397 1799 453 1860 boo
475 1799 597 1860 nomine
621 1819 685 1861 esse
709 1799 739 1860 in
763 1819 862 1860 rerum
887 1807 1002 1872 natura,
1027 1800 1079 1860 sed
1102 1799 1132 1860 iu
1155 1799 1391 1880 apprehensione

268 1910 458 1985 „intellectus
483 1917 607 1971 tantum.
652 1909 713 1971 Nec
734 1917 832 1990 potest
854 1911 938 1990 argui
961 1911 1040 1990 quod
1065 1909 1105 1970 sit
1126 1909 1158 1970 in
1180 1929 1228 1986 re,
1259 1906 1318 1970 nisi
1341 1909 1392 1971 da-

269 2029 372 2098 „retur
393 2019 472 2098 quod
503 2017 542 2079 sit
563 2017 594 2080 in
618 2037 649 2079 re
671 2019 784 2098 aliquid
806 2039 866 2099 quo
890 2019 987 2098 majus
1009 2019 1169 2099 significari
1199 2039 1259 2081 non
1283 2028 1389 2100 potest,

269 2129 371 2209 „quod
394 2146 455 2189 non
478 2136 532 2202 est,
557 2125 658 2189 datum
682 2147 697 2190 a
721 2129 901 2208 ponentibus
925 2129 1018 2190 ileum
1040 2149 1099 2190 non
1124 2134 1223 2192 esse.“
1267 2129 1310 2190 Ex
1332 2149 1390 2210 quo

269 2257 324 2318 ego
361 2257 479 2318 quoque
516 2237 646 2298 breviter
683 2239 867 2317 respondeo:
902 2239 1017 2300 etiamsi
1054 2239 1158 2314 detur,
1194 2258 1248 2300 ens
1276 2257 1388 2299 summe

270 2347 434 2428 perlectum
458 2345 524 2426 ipso
548 2347 668 2408 nomine
691 2367 745 2408 sno
768 2347 928 2427 importare
956 2349 1176 2423 exsistentiam,
1211 2356 1387 2410 tamennon

271 2457 415 2537 sequitur,
440 2455 598 2537 ipsammet
619 2455 701 2518 illam
725 2457 925 2519 exsistentiam
949 2459 980 2520 in
1000 2478 1099 2520 rerum
1117 2467 1221 2519 natura
1238 2467 1305 2520 autu
1321 2457 1390 2540 qnid

270 2587 353 2642 esse,
389 2569 440 2630 sed
473 2576 586 2630 tantum
617 2588 685 2630 eum
717 2577 862 2649 conceptu
885 2569 962 2632 entis
986 2569 1095 2630 summi
1118 2578 1295 2650 conceptum
1319 2567 1393 2630 exsi-

271 2680 397 2741 stentiae
427 2679 664 2760 inseparabiliter
693 2699 759 2742 esse
782 2680 985 2760 conjunctum.
1032 2681 1076 2742 Ex
1106 2701 1166 2760 quo
1189 2700 1248 2742 non
1273 2680 1392 2754 inieras,

271 2789 471 2851 exsistentiam
496 2789 547 2850 liei
571 2797 638 2852 autu
662 2789 732 2869 qnid
757 2810 839 2866 esse,
865 2791 922 2852 nisi
946 2810 1115 2870 supponas,
1140 2791 1214 2852 illud
1237 2808 1291 2878 ens
1314 2809 1395 2850 sum-

272 2917 354 2960 mum
378 2905 445 2959 aetrr
468 2899 627 2974 exsistere3
663 2908 734 2960 tuno
756 2899 835 2960 enim
866 2909 896 2961 et
918 2919 1021 2961 omnes
1047 2901 1244 2979 perfectiones
1267 2908 1296 2962 et
1318 2901 1396 2962 hano

272 3025 391 3088 qnoque
413 3007 502 3069 realis
526 3009 713 3070 exsistentiae
735 3017 801 3070 artu
826 3007 965 3082 includit.

358 3117 453 3190 Quam
476 3119 595 3199 quidem
620 3119 673 3180 viri
696 3119 774 3181 docti
797 3121 939 3181 adversos
961 3128 1170 3198 argumentum
1188 3139 1276 3182 suum
1293 3119 1396 3199 dispu-

272 3229 415 3292 tationem
448 3229 513 3310 ipse
548 3230 699 3291 Cartesius
731 3249 919 3310 nequaquam
954 3229 1099 3309 neglexit,
1146 3230 1198 3291 sed
1234 3247 1397 3310 respon·

273 3339 423 3402 sionem
447 3341 489 3401 ad
514 3340 661 3420 primas
685 3337 939 3420 objectiones
962 3340 1099 3420 scripsit,
1131 3359 1207 3420 quae
1238 3339 1397 3400 eominus

273 3449 361 3510 nobis
383 3451 598 3529 praetereunda
622 3457 684 3524 est,
720 3468 779 3529 quo
796 3449 919 3511 'clarius
946 3450 1062 3530 priores
1089 3449 1260 3530 philosophi
1284 3448 1398 3528 disqui-

274 3559 397 3620 sitiones
420 3559 555 3638 explieat.
581 3595 622 3606 -
665 3559 721 3621 llio
743 3579 829 3636 vero,
864 3561 979 3641 inquit,
1014 3559 1059 3622 vir
1080 3561 1171 3622 nimis
1193 3561 1344 3624 officiosus
1367 3560 1397 3620 in

274 3669 373 3730 looum
395 3668 574 3730 invidiosum
598 3688 649 3732 me,
666 3671 803 3746 addnoit3
827 3673 942 3732 coulert
964 3671 1045 3732 euim
1063 3661 1168 3732 'meum
1190 3681 1398 3751 argumentum

276 3794 343 3840 eum
366 3775 425 3839 alio
448 3779 577 3860 quodam
600 3799 634 3840 ex
658 3779 689 3840 S.
713 3781 855 3842 Thema
879 3789 909 3842 et
929 3780 1151 3842 Aristotele
1174 3780 1341 3862 desumpto,
1367 3789 1399 3842 ut

276 3890 315 3950 ita
338 3887 427 3950 veluti
450 3887 596 3950 rationem
619 3891 731 3969 exigat,
767 3909 821 3952 our
850 3909 943 3971 qnum
974 3891 1099 3952 eandem
1129 3909 1217 3978 quam
1247 3891 1290 3953 illi
1321 3891 1398 3952 viam

276 4015 372 4060 essem
403 3999 556 4078 ingressus
585 4019 645 4060 non
676 4008 775 4061 tamen
806 4000 836 4061 in
867 3999 1007 4061 omnibus
1038 4001 1163 4062 eandem
1186 3999 1241 4062 sim
1265 4011 1396 4062 secutus.

278 4107 336 4170 Sed
359 4108 526 4188 peimittat,
551 4124 681 4189 quaeso,
712 4109 748 4170 de
770 4109 835 4171 aliis
858 4129 906 4172 me
929 4118 1025 4172 tacere
1048 4119 1136 4190 atque
1159 4127 1260 4172 earum
1283 4117 1399 4170 tantum

278 4235 354 4298 quae
376 4215 439 4298 ipse
462 4218 567 4298 scripsi
591 4217 735 4280 rationem
759 4220 894 4282 reddere.
939 4220 1039 4282 Primo
1062 4221 1161 4300 itaque
1184 4238 1243 4280 non
1268 4218 1400 4280 desumsi

278 4342 376 4388 meum
410 4335 618 4409 argumentum
653 4347 689 4390 ex
721 4348 756 4391 eo
789 4329 868 4410 quod
901 4329 1031 4392 viderem
1065 4330 1094 4391 in
1130 4327 1398 4392 sensibilibus
