3260 5058
670 439 992 508 *pp-.-

269 619 473 700 ontolngicum
513 618 675 682 contulisse
715 637 812 700 neque
851 628 949 684 tamen
991 619 1273 682 demonstrationem
1306 639 1390 682 suani

269 735 348 792 extra
371 747 489 792 omnem
513 729 728 792 dubitationem
751 729 887 810 posuisse
910 730 1068 792 dicandum
1092 729 1179 792 nobis
1202 731 1268 793 erit.

676 1017 978 1027 m

713 1305 871 1388 CAPUT
900 1307 945 1387 V.

331 1515 524 1587 christianus
546 1518 706 1588 Woltlns
729 1521 761 1589 et
782 1521 941 1589 lebannes
964 1521 1112 1603 Georgius
1135 1523 1317 1592 Snlnerns.

782 1709 879 1718 ι--ιι

353 1824 548 1905 sagacissima
569 1825 619 1886 illa
638 1826 718 1887 etad
735 1827 924 1890 excolendam
936 1827 1155 1908 philosophiam
1168 1836 1235 1908 apta
1247 1829 1390 1908 Spinoaae

212 1929 216 1944 '
267 1933 419 1996 delinitio:
455 1953 509 2015 per
530 1935 727 1998 substantiam
750 1936 882 2016 intelligo
904 1938 933 2000 id
957 1939 1036 2018 qnod
1059 1938 1089 1999 in
1113 1957 1145 1999 se
1167 1946 1213 2000 est
1234 1947 1263 2002 et
1284 1959 1337 2019 per
1358 1959 1390 2002 se

267 2044 434 2124 coneipitur
456 2063 641 2124 nequaquam
662 2053 759 2106 umen
778 2046 815 2106 ad
834 2047 933 2107 omnia
949 2066 1025 2126 quae
1043 2047 1227 2110 substantiae
1239 2049 1390 2116 notionem

267 2154 454 2216 constituunt
476 2155 647 2234 explicanda
667 2156 805 2216 sullicere
825 2155 988 2217 videbatur.
1014 2155 1251 2220 Substantia
1277 2193 1320 2204 ·-
1345 2159 1390 2220 in-

267 2271 427 2341 sequentes
449 2263 621 2343 pbilosopbi
644 2263 782 2325 dicebant
813 2299 855 2310 -·
886 2283 946 2326 non
968 2265 1066 2328 solum
1089 2266 1126 2328 in
1153 2286 1193 2328 se
1215 2277 1291 2343 est,
1337 2270 1390 2332 sed

266 2373 355 2434 etiam
388 2391 456 2452 per
488 2391 527 2434 se
560 2373 641 2453 agit
673 2373 733 2434 sivo
762 2373 915 2454 propriam
946 2393 1007 2436 non
1037 2376 1125 2438 modo
1156 2379 1316 2442 essentiam
1337 2378 1390 2440 sed

266 2483 353 2546 etiam
387 2483 585 2546 internam
618 2483 808 2564 quandam
848 2484 922 2548 vim
956 2493 986 2546 et
1019 2485 1309 2552 efficacitatem
1344 2488 1389 2563 (id

266 2593 345 2674 quod
378 2602 492 2656 veteres
524 2594 694 2675 philosophi
728 2595 831 2656 Graeci
864 2597 1064 2684 ἐντελεχεὶαν
1092 2596 1247 2672 vocabant)
1287 2598 1385 2662 habet.

265 2703 344 2764 llaec
365 2712 465 2766 nutem
488 2705 532 2766 vis
554 2706 678 2766 actualis
699 2705 758 2767 loci
771 2707 963 2769 mutationem
979 2716 1008 2770 et
1023 2707 1082 2770 loci
1094 2708 1218 2770 mutatio
1229 2708 1388 2773 discrimen

264 2815 433 2875 necessario
456 2814 591 2876 includit.
626 2817 727 2894 ltaque
750 2816 774 2876 si
797 2817 834 2877 ad
855 2816 1038 2879 substantiae
1054 2818 1206 2880 notionem
1224 2819 1267 2880 vis
1283 2818 1388 2883 astulis
1438 2819 1447 2830 “

264 2943 280 2984 a
315 2941 348 2984 sc
380 2923 444 3002 ipsa
480 2924 586 3004 suique
619 2925 714 3004 ipsius
747 2925 864 2986 conscia
896 2927 1025 3004 pertinet
1054 2945 1113 2988 non
1143 2942 1218 2988 una
1246 2935 1280 2988 ut
1308 2928 1387 3008 apud

264 3033 424 3114 Spinonem
458 3033 509 3095 sed
543 3034 681 3114 plures
713 3035 970 3097 substantiae
1004 3035 1133 3098 discerni
1166 3037 1293 3112 debant,
1328 3037 1387 3100 imo

262 3144 362 3223 potins
395 3144 420 3204 si
455 3143 615 3224 unicuique
648 3145 831 3207 substantiae
861 3146 981 3226 propria
1010 3146 1054 3208 vis
1084 3147 1207 3208 actualis
1236 3148 1386 3227 competit,

264 3253 322 3314 dno
345 3254 496 3324 individua
519 3273 641 3336 prorsus
663 3256 741 3318 inter
762 3275 794 3318 se
816 3257 950 3336 aequalia
974 3257 1038 3320 dari
1066 3266 1235 3337 nequeunt,
1259 3248 1308 3320 'ex
1329 3277 1388 3338 quc

262 3364 509 3445 principium
561 3366 891 3430 discernibilinm
943 3367 1388 3430 siveindiniduationis

263 3475 414 3553 sequitur,
446 3476 528 3556 qnod
553 3477 668 3556 primus
690 3478 922 3540 Leibnitius
952 3479 1115 3558 proposuit.
1170 3478 1227 3550 Qui
1257 3479 1388 3560 pbiloso-

262 3584 340 3663 pbus
362 3585 495 3664 singulas
518 3587 583 3648 illas
607 3588 789 3650 substantias
811 3609 886 3668 qnae
911 3590 1059 3669 propriam
1078 3589 1184 3668 agendi
1201 3589 1258 3652 vim
1279 3589 1389 3650 babent

262 3701 292 3754 et
314 3711 509 3774 quaecunque
533 3697 562 3757 iu
587 3715 685 3759 rerum
703 3705 808 3758 natura
824 3699 890 3760 lieri
908 3707 1035 3778 possunt
1047 3698 1182 3760 alliciunt
1203 3700 1387 3762 monades

261 3803 438 3884 appellabat.
484 3807 561 3868 Sunt
589 3807 680 3886 igitur
709 3808 869 3884 monades,
904 3829 996 3888 quum
1019 3810 1180 3890 unicnique
1202 3829 1303 3872 aarum
1327 3829 1387 3873 nnn

261 3915 382 3995 propria
404 3915 502 3978 solnm
527 3918 579 3978 sed
602 3917 690 3978 etiam
712 3917 837 3998 simplex
860 3928 890 3980 et
912 3919 1027 3980 interna
1044 3921 1088 3982 vis
1101 3921 1224 3982 actualis
1241 3927 1389 3998 competat
1466 3983 1469 3987 .

261 4024 347 4103 quasi
370 4025 506 4106 singulae
528 4035 642 4090 mentes
664 4028 783 4103 linitae,
819 4047 894 4107 quae
926 4036 1018 4092 totum
1046 4032 1189 4094 mirandum
1212 4029 1338 4109 implent
1358 4037 1388 4092 et

261 4135 430 4208 actualitate
452 4137 638 4218 intelligendi
660 4137 824 4213 vivificant,
861 4139 900 4200 ita
923 4147 956 4200 nt
986 4140 1067 4202 nulla
1097 4141 1228 4202 universi
1250 4159 1320 4220 pars
1343 4139 1388 4201 iu-

260 4244 424 4324 telligentia
446 4265 569 4326 prorsus
591 4255 700 4310 careat.
746 4249 812 4310 dam
828 4251 1080 4327 quummonades
1098 4251 1248 4331 propriam
1267 4260 1388 4332 sponta-

262 4371 410 4437 neamque
431 4356 629 4422 actualitatem
652 4357 796 4420 habentes
825 4359 922 4424 causis
953 4360 1084 4422 externis
1114 4360 1305 4426 determinari
1325 4381 1386 4426 non
