3260 5058
628 458 974 528 -129—

235 650 370 729 „ratione
392 644 539 708 essentiae
561 659 651 723 quam
674 641 788 702 ratione
810 639 1000 702 exsistentiae
1025 639 1139 713 dinen,
1169 655 1224 699 nco
1247 637 1278 698 in
1301 634 1360 698 ulle

235 779 288 838 „re
310 765 518 840 praeterquam
549 754 580 814 in
612 751 733 814 nomine
762 769 832 813 cum
861 769 896 811 eo
927 750 1087 812 convenire
1109 755 1207 830 potest
1228 755 1262 810 ut
1283 746 1361 808 reio·

235 864 434 946 „bamus“⁹).
479 862 578 926 Simili
608 862 736 941 quadam
765 859 881 921 ratione
909 859 935 921 J.
968 859 1003 922 G.
1033 857 1213 920 Fichtius
1242 875 1361 936 quoque

235 979 330 1041 Deum
353 975 567 1038 subsistentem
590 989 644 1052 per
665 989 697 1032 sc
720 977 912 1050 mentemque
935 967 982 1030 sui
1004 969 1099 1048 ipsius
1121 967 1274 1030 consciam
1296 983 1361 1028 esse

236 1087 373 1168 negabat.
420 1085 504 1159 „llus
526 1081 719 1143 absolutum“
742 1079 840 1158 inquit
863 1077 945 1152 „sive
961 1095 1073 1138 numen
1090 1075 1361 1138 divinumeetordo

193 1243 195 1246 -
238 1197 378 1278 „quidam
413 1201 585 1255 eventorum
619 1189 695 1265 (sive
728 1187 827 1268 legum
860 1187 897 1248 ad
931 1205 1030 1250 meres
1063 1185 1276 1267 pertinentium
1309 1203 1362 1265 per

238 1307 424 1384 „universam
455 1318 557 1362 rernm
586 1307 723 1360 naturam
755 1297 843 1372 ordo)
874 1315 935 1358 nou
964 1297 1059 1358 lorma
1088 1296 1232 1376 quaedam
1262 1303 1362 1357 exten·

236 1416 364 1494 „sionis3
388 1430 502 1474 numen
526 1409 660 1470 divinum
685 1406 1000 1469 consubstantians}
1024 1405 1096 1486 quid
1119 1405 1277 1468 dicendum
1301 1413 1360 1480 est;

233 1544 322 1603 „nam
356 1525 415 1584 hoc
452 1521 542 1581 modo
575 1517 699 1580 materia
732 1523 852 1578 extensa
886 1523 916 1576 et
945 1515 1040 1576 oculis
1069 1515 1114 1576 rel
1143 1514 1268 1577 attribue
1294 1533 1362 1595 per·

237 1633 395 1712 „cipienda
420 1637 475 1690 est.
520 1629 637 1690 Numen
665 1627 797 1688 divinum
820 1643 881 1686 non
904 1629 1056 1700 estesse,
1088 1623 1140 1686 sed
1163 1633 1246 1686 actus
1269 1641 1362 1704 purus

242 1742 319 1818 „hoe
351 1748 397 1801 est
428 1739 486 1800 vita
518 1738 761 1818 principiumque
794 1733 908 1796 ordinis
941 1733 1096 1814 erqusdam
1130 1732 1268 1795 sensibus
1301 1751 1362 1794 non

241 1849 405 1930 „subjecti‚
440 1847 691 1928 quemadmodum
714 1853 744 1907 et
766 1863 838 1924 ego,
873 1841 1043 1904 intellectus
1072 1843 1192 1922 quidem
1223 1843 1362 1904 delinitus

240 1978 320 2036 „non
343 1977 407 2020 esse
430 1976 511 2033 sum,
547 1957 600 2018 sed
622 1963 706 2018 actus
736 1973 848 2035 purus,
880 1963 963 2014 actus
992 1953 1111 2015 debitus
1141 1961 1292 2032 tamquam
1314 1971 1362 2014 or-

241 2069 339 2146 „diuis
370 2068 450 2129 illius
482 2066 623 2128 sensibus
656 2084 717 2126 nou
751 2063 878 2145 subjecti
912 2063 1022 2124 socius.
1086 2062 1191 2124 Omnis
1224 2063 1362 2143 cogitatio

239 2189 358 2257 „nostra
381 2188 425 2240 est
447 2178 582 2240 delinitio
606 2177 734 2256 ideoque
757 2173 914 2254 conceptio
936 2181 1074 2249 vocatur,
1110 2172 1139 2234 id
1162 2180 1207 2235 est
1228 2191 1362 2254 eompre-

235 2289 361 2364 „hensio
384 2288 567 2362 multorum,
602 2304 679 2366 quae
710 2284 828 2346 deliniri
851 2291 995 2363 possunt,
1031 2283 1070 2345 ita
1093 2293 1126 2344 ut
1148 2291 1227 2346 extra
1249 2284 1362 2364 positos

235 2399 400 2474 „terminos
422 2415 542 2475 semper
564 2396 678 2474 aliquid
701 2394 902 2474 relinquatur,
932 2393 1010 2472 quod
1033 2413 1093 2455 non
1117 2394 1206 2456 sirnul
1228 2411 1362 2473 compre-

240 2507 387 2579 „hensum
417 2505 456 2564 sit
487 2523 585 2581 neque
606 2505 674 2562 ideo
704 2504 817 2565 notioni
847 2511 1004 2584 competat.
1052 2504 1157 2566 Omnis
1180 2521 1269 2582 quam
1291 2521 1363 2564 con·

242 2611 390 2690 „cipimus
403 2629 436 2671 re
447 2630 513 2671 vera
527 2610 697 2671 exsistentia
709 2612 789 2674 linita
807 2621 923 2676 tantum
943 2621 989 2674 est
1006 2631 1102 2693 eoque
1117 2613 1199 2674 linita
1215 2613 1257 2688 ut,
1282 2612 1362 2692 quod

242 2739 326 2797 „earn
350 2719 546 2799 concipimus.
594 2719 796 2802 Quodcunque
812 2723 900 2786 nobis
922 2723 1034 2803 aliquid
1057 2731 1112 2799 est,
1137 2723 1204 2784 ideo
1223 2730 1268 2784 est
1291 2723 1358 2802 quia

241 2831 341 2909 „aliud
354 2848 414 2891 non
428 2837 489 2906 est;
515 2830 613 2891 omnis
624 2831 734 2910 positio
752 2850 812 2894 non
832 2833 890 2895 nisi
909 2834 1067 2913 negatione
1086 2833 1149 2894 deri
1169 2841 1284 2914 potest;
1307 2853 1362 2894 vox

237 2941 337 3017 „enirn
361 2941 522 3002 deliniendi
546 2941 621 3002 nihil
643 2943 724 3004 aliud
747 2962 836 3022 quam
855 2944 1053 3006 determinare
1070 2945 1225 3025 signilloat.
1259 2944 1362 3022 ltaque

236 3052 283 3129 „si
305 3053 399 3114 Deum
423 3052 636 3114 conscientiam
659 3052 758 3115 dicere
780 3053 916 3130 velimus,
942 3056 1031 3116 linem
1055 3056 1111 3135 ipsi
1127 3057 1274 3117 humanae
1291 3073 1361 3114 con-

238 3162 398 3236 „scientiae
421 3163 600 3238 tribuimus,
636 3181 696 3242 quo
727 3163 844 3225 sublato
873 3164 947 3225 nihil
971 3165 1029 3225 nisi
1052 3162 1360 3242 incomprehensibilis

240 3271 404 3348 „quaedam
434 3271 555 3331 seientia
588 3272 769 3352 relinquitur
802 3279 832 3334 et
864 3274 937 3335 haee
969 3281 1048 3334 certe
1077 3272 1156 3347 Deo,
1191 3270 1243 3350 qui
1265 3279 1299 3331 ut
1320 3271 1360 3332 ita

239 3377 411 3454 „dicamus,
446 3398 480 3440 eo
509 3381 573 3461 ipso
604 3401 695 3445 sensu
726 3401 807 3444 mera
837 3382 1018 3444 conscientia
1050 3390 1081 3444 et
1107 3379 1302 3460 intelligentia
1332 3390 1361 3442 et

239 3487 351 3564 „animi
373 3488 430 3550 vita
453 3497 482 3551 et
502 3491 580 3552 actio
610 3499 656 3552 est
682 3492 841 3572 competit,
876 3491 965 3553 modo
998 3500 1032 3553 ut
1063 3492 1120 3553 hoc
1148 3491 1360 3572 comprehendi

238 3617 441 3677 „nequeamus
470 3599 598 3681 ideoque
627 3601 727 3682 potius
756 3601 794 3662 ab
823 3603 981 3663 accedente
1010 3603 1046 3664 ad
1076 3603 1236 3666 essentiam
1265 3604 1360 3686 ipsius

237 3707 429 3782 „delinitione
458 3729 582 3790 prorsus
611 3711 814 3772 abstineamus
844 3719 877 3772 et
904 3731 920 3772 e
952 3712 1176 3795 philosophicae
1209 3716 1360 3778 doctrinae

237 3817 412 3893 „severitate
434 3819 582 3881 abstinere
605 3819 784 3896 debeamus;
808 3821 906 3882 omnis
929 3823 1009 3886 enim
1031 3827 1164 3888 numinis
1179 3826 1271 3888 divini
1289 3845 1360 3888 oon·

236 3927 353 4006 „ceptio
385 3927 466 3990 Deus
499 3929 621 3991 fictitius
661 3929 746 3990 tieret
778 3939 808 3991 et
848 3933 1098 3996 commentitius“
1116 3933 1168 4010 ¹⁰).
1223 3933 1358 3996 Proxime

319 4194 349 4257 a)
368 4195 400 4244 el'.
422 4195 580 4262 spinosa:
613 4197 704 4249 Ethiec
720 4197 731 4250 l
749 4199 844 4267 Propos
862 4200 934 4254 xvii
954 4200 1078 4252 Scholion.

304 4293 348 4358 10)
367 4293 400 4344 el.
420 4293 553 4352 Editorum
571 4296 737 4362 ephemeridis
754 4299 937 4367 philosophicae
956 4300 1116 4352 defensiones
1136 4299 1250 4351 forenses
1269 4308 1357 4352 eontra

236 4374 352 4425 atheismi
370 4377 472 4427 crimen.
509 4378 588 4429 ienae
607 4382 682 4434 1799.
702 4397 727 4449 p.
747 4384 787 4441 37,
808 4383 851 4435 to.

1152 4471 1170 4519 ll
