3260 5058
649 419 972 488 „79-

243 622 356 668 unum
390 609 501 663 certe
533 619 602 664 ens
635 599 797 661 exsistit
826 598 885 660 rel
915 597 1092 672 exstitit,
1127 596 1242 677 cujus
1265 596 1369 658 exsi-

243 713 395 777 stentia
420 719 527 772 extra
558 711 629 772 hoo
658 711 785 790 ipsum
808 727 877 770 ens
899 707 1049 770 nullam
1071 705 1190 768 sliam
1213 723 1369 768 causam

243 823 494 886 efficientem
516 820 663 882 habuit.
699 819 785 891 Quod
808 819 888 880 enim
910 836 1029 898 semper
1050 816 1161 878 exstitit
1183 825 1369 898 procreatum

239 947 306 994 'non
339 940 384 992 est
416 931 549 1010 adeoque
582 928 753 990 exsistentia
787 927 852 1008 ejus
881 945 987 988 causae
1017 932 1098 988 extra
1128 925 1227 1006 ipsum
1256 926 1370 1008 positae

248 1042 369 1102 effectus
391 1059 456 1101 esse
479 1039 593 1118 nequit.
633 1038 729 1110 Quam
751 1037 902 1098 veritatem
926 1044 956 1098 et
977 1035 1147 1096 immediate
1169 1035 1370 1096 demonstrare

251 1169 419 1232 possumus.
462 1149 580 1210 Etenim
604 1148 628 1210 si
652 1147 837 1228 quisdicat,
869 1165 1065 1228 quaecuuque
1087 1146 1234 1206 exsistunt
1255 1144 1300 1206 vel
1322 1163 1372 1206 ex-

251 1261 390 1322 stiterunt
410 1259 446 1320 ab
468 1266 587 1319 externa
610 1275 700 1318 causa
722 1257 758 1318 ad
782 1256 982 1318 exsisteodum
1004 1255 1146 1336 producta
1169 1273 1253 1332 esse,
1287 1253 1314 1316 is
1335 1271 1371 1318 eo

250 1371 316 1452 ipso
339 1367 500 1444 contendit,
526 1366 602 1428 nihil
626 1366 686 1428 sire
709 1383 768 1426 non
792 1384 845 1426 ens
867 1365 945 1427 hano
967 1364 1127 1427 exsistendi
1150 1381 1270 1426 causam
1292 1381 1369 1426 esse.

246 1481 320 1542 Nam
342 1488 459 1558 praeter
481 1477 511 1538 id
534 1477 613 1557 quod
637 1475 752 1536 exsistit
773 1483 802 1536 et
823 1475 934 1536 exstitit
956 1475 1077 1536 omuino
1093 1473 1174 1536 aliud
1190 1491 1279 1554 quam
1297 1471 1371 1534 nihil

245 1588 375 1670 amplius
395 1605 455 1648 non
476 1586 588 1647 datm.-
607 1585 710 1664 ltaque
726 1603 818 1664 quum
834 1584 986 1644 notionem
998 1583 1075 1645 entis
1091 1583 1203 1644 aeterni
1226 1582 1371 1644 realem

247 1717 312 1760 esse
342 1698 577 1758 demonstratum
608 1695 664 1770 sit,
696 1693 759 1774 jam
789 1693 825 1754 ad
855 1693 912 1754 hoc
941 1711 1060 1772 operam
1088 1709 1194 1752 navare
1216 1691 1369 1766 debemus,

246 1816 280 1870 ut
308 1815 388 1868 recte
417 1824 482 1868 eam
513 1805 693 1884 explicemus
723 1812 752 1866 et
781 1821 885 1865 omnes
914 1821 990 1882 quae
1019 1802 1187 1864 necessario
1214 1819 1247 1864 ex
1271 1819 1304 1862 ea
1327 1817 1373 1862 se·

247 1925 382 1996 quuntur
394 1915 533 1976 veritates
544 1914 742 1975 inveniamus.
778 1912 929 1974 Exsisterc
945 1922 975 1974 et
996 1911 1231 1992 independenter
1253 1908 1372 1990 quidem

247 2025 283 2088 ab
307 2025 389 2086 omni
411 2025 469 2086 alio
492 2032 560 2085 ente
582 2023 738 2098 exsistere,
769 2022 825 2084 hae
847 2023 923 2084 duae
945 2021 1101 2102 qualitates
1123 2029 1194 2082 sunt
1215 2039 1290 2100 quas
1312 2019 1372 2082 enti

247 2143 368 2196 aeterno
391 2135 456 2194 sine
479 2133 570 2194 dubio
594 2131 726 2193 tribuere
748 2131 901 2193 debemus.
946 2131 1011 2193 Jam
1034 2131 1105 2212 quid
1128 2138 1174 2192 est
1203 2149 1289 2192 esse
1312 2129 1373 2190 siro

248 2241 470 2306 exsistere?
503 2241 682 2304 Exsistentia
705 2241 802 2322 primo
825 2241 967 2322 adspectu
989 2241 1020 2304 in
1045 2259 1170 2302 numero
1193 2239 1373 2322 simplicium

248 2353 534 2416 illarumnotionum
548 2369 615 2412 esse
639 2351 764 2427 videtur,
788 2369 864 2432 quae
886 2351 1009 2412 omnino
1032 2349 1148 2412 deliniri
1171 2350 1303 2430 adeoque
1325 2367 1374 2410 ex·

249 2462 352 2542 plicari
377 2468 539 2539 nequeunt.
581 2459 726 2540 Equidem
751 2460 798 2521 hic
820 2479 917 2522 veram
941 2460 1030 2540 hujus
1053 2459 1184 2522 notionis
1206 2458 1374 2538 explicatio-

252 2589 321 2632 nem
343 2587 508 2648 proponere
530 2587 589 2628 nou
611 2568 807 2648 pollicemur;
831 2569 910 2630 clare
933 2577 1030 2630 tamen
1053 2578 1083 2630 et
1105 2569 1170 2630 sine
1192 2567 1283 2630 dubio
1306 2586 1374 2628 sen-

255 2679 356 2753 timus,
381 2695 573 2758 permagnum
594 2697 659 2740 esse
682 2679 842 2740 discrimen
865 2679 944 2740 inter
971 2698 1040 2740 ens
1062 2697 1151 2740 vere
1173 2677 1374 2740 exsistens

255 2795 285 2848 et
307 2787 378 2847 illud
403 2786 480 2864 quod
505 2794 616 2847 tantum
638 2788 669 2849 iu
692 2789 757 2850 idea
774 2797 873 2850 nostra
891 2788 1004 2850 exsistit
1021 2789 1160 2870 quodque
1183 2805 1252 2848 ens
1274 2786 1375 2866 cogi·

253 2895 421 2957 tationis
443 2895 668 2976 appellabimus.
703 2898 768 2958 lam
792 2897 1002 2976 disquiremus
1026 2916 1083 2976 qua
1101 2898 1131 2958 in
1149 2917 1180 2958 re
1198 2897 1254 2956 hoo
1270 2895 1375 2956 discri-

250 3024 318 3066 men
353 3005 481 3084 positum
515 3005 563 3066 sit.
620 3005 699 3066 Ens
732 3005 1000 3085 cogitationis
1034 3015 1078 3068 est
1111 3016 1310 3068 commentum
1346 3014 1375 3067 et

251 3115 356 3176 umbra
376 3115 460 3196 quasi
480 3117 544 3176 sine
564 3134 700 3194 corpore.
734 3115 788 3177 Est
799 3135 862 3190 ens,
888 3135 947 3196 quo
969 3124 1124 3196 praesente
1142 3115 1216 3176 nihil
1232 3124 1372 3191 mutatur,

251 3225 330 3304 quod
360 3225 397 3285 ad
427 3223 539 3303 aliquid
570 3225 759 3286 efficiendum
789 3225 902 3286 nullam
932 3226 990 3286 vim
1021 3225 1109 3286 habet
1138 3225 1314 3304 nullumque
1343 3225 1373 3285 in

251 3353 349 3395 rerum
373 3341 478 3394 natura
501 3342 639 3394 eventum
663 3335 809 3414 producit,
834 3335 914 3414 quod
937 3333 1028 3396 nullis
1050 3335 1144 3414 ipsius
1167 3333 1279 3394 viribus
1302 3334 1375 3396 resi-

252 3443 398 3504 stentibus
428 3443 586 3504 immutare
615 3443 661 3504 vel
694 3444 725 3504 in
758 3444 849 3505 alium
883 3443 981 3506 locum
1014 3445 1174 3504 transferre
1202 3462 1373 3524 possumus.

252 3553 328 3614 Ens
357 3571 447 3612 vere
478 3551 680 3614 exsistens
709 3560 754 3614 est
776 3553 866 3628 illud,
891 3553 971 3632 quod
994 3551 1123 3614 actuosis
1145 3552 1241 3634 ipsius
1263 3554 1375 3616 viribus

252 3661 394 3740 impedit,
430 3661 592 3740 quominus
622 3661 779 3723 immutare
808 3671 858 3724 aut
888 3663 975 3724 etiam
999 3662 1103 3723 tollere
1125 3664 1292 3744 possimus,
1327 3663 1376 3725 cui

252 3771 352 3850 itaque
375 3777 404 3830 et
425 3769 507 3849 ipsae
530 3769 607 3830 vires
629 3779 765 3831 actuosae
788 3772 886 3832 inesse
909 3771 1035 3848 debent,
1069 3791 1123 3852 per
1152 3792 1227 3854 quae
1250 3771 1374 3850 exsistit,

253 3879 333 3959 quod
355 3897 496 3958 apparere
523 3877 585 3957 jam
617 3877 704 3940 debet
734 3899 769 3941 ex
799 3880 848 3941 illa
875 3880 1094 3959 propositione:
1129 3901 1163 3942 ex
1186 3881 1279 3942 nihilo
1303 3877 1377 3942 nihil

252 3990 302 4066 tit3
326 3989 398 4050 haec
421 3987 502 4048 enim
523 3995 626 4068 aperte
648 3988 759 4050 nullam
783 4009 846 4050 rem
870 3990 934 4052 sine
957 4009 1043 4052 causa
1068 3991 1214 4052 efficiente
1236 3991 1376 4053 exsistere

253 4098 347 4178 ponit.
382 4070 524 4177 Sequitrlr
545 4098 614 4160 inde
637 4098 705 4178 quia
727 4098 867 4174 vidimus,
890 4119 943 4160 ens
965 4107 1120 4164 aeternum
1142 4100 1378 4180 independenter

253 4207 290 4268 ab
313 4208 453 4270 omnibus
481 4209 549 4270 aliis
577 4209 667 4270 rebus
697 4217 777 4271 extra
806 4209 904 4290 ipsum
928 4210 1069 4272 exsistere
1098 4211 1171 4272 haec
1192 4213 1376 4292 propositio:

198 4375 201 4381 ,
254 4334 321 4378 ens
343 4325 548 4379 aeternum
571 4317 734 4398 proprio
756 4338 825 4380 suo
849 4319 981 4398 vigore
1004 4319 1255 4402 (idquodGraeci
1276 4321 1378 4384 dicunt
