3260 5058
643 461 969 532 ...gg-

242 647 419 710 sententiam
442 645 608 726 praedicata
630 643 801 706 affirmativa
824 651 905 720 suut,
929 661 1047 706 summo
1063 643 1151 706 etiam
1173 643 1267 724 gradu
1288 643 1367 706 inter

242 777 276 820 se
298 757 487 819 consentiunt
512 775 673 835 earumque
695 754 867 834 conjunctio
895 773 955 816 non
978 737 1133 834 cogitanda
1161 773 1227 816 esse
1248 753 1363 834 nequit

242 869 307 930 Jam
336 887 405 928 vero
434 868 460 930 si
496 867 533 929 ad
564 867 699 928 omnium
736 865 953 946 perfectionum
982 883 1129 928 summam
1163 864 1364 927 exsistentiam

196 1033 197 1036 ,
241 997 361 1058 qnoque
389 977 538 1057 pertinere
566 977 757 1038 manifestum
787 983 849 1051 ost,
889 981 970 1037 recte
998 974 1203 1050 concluditur,
1238 975 1319 1054 quod
1347 993 1365 1038 a

242 1087 365 1149 notione
394 1087 502 1148 infiniti
532 1087 593 1148 sive
621 1085 828 1166 perfectissimi
858 1084 1029 1146 exsistentia
1063 1083 1193 1164 separari
1225 1091 1363 1164 nequeat.

243 1197 302 1258 Sed
325 1215 414 1276 porro
437 1197 562 1258 fortasse
583 1195 692 1275 aliquis
715 1194 838 1270 dixerit,
872 1213 945 1256 num
975 1194 1033 1256 hoc
1061 1195 1150 1257 modo
1179 1211 1215 1256 ex
1244 1193 1365 1255 notione

242 1307 319 1369 entis
341 1306 548 1387 perfectissimi
578 1306 641 1367 sola
662 1312 762 1367 mente
783 1303 974 1385 percipienda
1003 1303 1070 1385 ejus
1092 1303 1262 1366 exsistentia
1285 1309 1365 1364 recte

215 1481 218 1486 ,
240 1417 375 1478 concludi
398 1415 516 1498 possit?
538 1416 638 1478 Primo
660 1415 797 1476 notiones
819 1433 835 1476 a
858 1413 997 1476 sensibus
1019 1425 1170 1476 sevocatae
1191 1413 1365 1475 arbitrariae

238 1543 300 1586 non
322 1533 394 1587 sunt
415 1526 469 1587 sed
480 1526 618 1586 veritates
635 1525 740 1586 saltem
753 1523 905 1586 continere
921 1531 951 1586 et
963 1532 1111 1603 tamquam
1129 1522 1365 1586 modificationes

239 1637 385 1698 essentiae
407 1643 529 1696 nostrae
557 1633 751 1714 intelligentis
780 1633 933 1694 veritatem
962 1631 1147 1711 cogitationis
1176 1631 1286 1692 habere
1308 1632 1366 1693 hoc

240 1753 286 1807 est
308 1743 432 1824 cogitari
460 1762 549 1822 posse
575 1743 689 1804 debent
719 1742 817 1804 sicas
847 1740 1013 1820 intelligere
1041 1740 1178 1802 velimus.
1223 1741 1365 1804 famens

239 1853 371 1928 finitum,
395 1853 574 1914 modificatio
599 1852 655 1914 mei
677 1852 773 1934 ipsius
796 1851 918 1931 cogitari
940 1858 1055 1931 potest,
1079 1850 1194 1911 etiamsi
1217 1850 1365 1912 semmei

241 1962 442 2024 exsistentiam
473 1981 534 2024 uon
563 1962 691 2026 tribuam
714 1970 899 2042 potestesse
921 1980 1002 2024 mera
1023 1961 1106 2026 notio
1128 1961 1193 2023 sine
1215 1980 1257 2024 re.
1302 1961 1365 2024 Eos

240 2091 309 2134 vero
331 2073 531 2134 necessarium
552 2080 604 2135 aut
626 2091 749 2153 prorsus
771 2073 893 2154 cogitari
909 2072 1014 2152 nequit
1032 2081 1082 2135 aot
1098 2073 1200 2134 saltem
1213 2081 1364 2152 tamquam

239 2181 385 2244 exsistens
408 2183 596 2262 cogitandum
625 2185 699 2246 mihi
722 2191 776 2246 est.
822 2184 980 2246 Enimvero
1009 2185 1160 2246 notionem
1183 2183 1291 2246 infiniti
1314 2202 1365 2246 co-

236 2292 325 2372 gitari
347 2311 439 2372 posse
458 2313 513 2373 per
535 2313 567 2356 se
589 2295 779 2358 manifestum
801 2303 858 2358 est.
894 2295 999 2358 Omnis
1014 2296 1093 2358 enirn
1106 2295 1213 2359 veritas
1224 2293 1364 2374 cognosci

238 2401 335 2480 possit
356 2421 478 2464 necesse
500 2411 545 2465 est
567 2412 597 2465 ει
617 2424 676 2484 quo
699 2405 802 2484 purior
824 2404 931 2466 veritas
954 2413 1016 2477 est,
1041 2424 1076 2466 eo
1099 2405 1258 2484 perfectior
1279 2421 1364 2466 mens

204 2549 207 2556 -
240 2527 306 2569 esse
329 2510 435 2583 debet,
470 2530 545 2590 quae
567 2531 632 2572 eam
655 2513 735 2590 capit
756 2521 785 2572 et
807 2512 1043 2588 comprehendit.
1087 2513 1152 2573 iam
1174 2531 1242 2572 vero
1265 2515 1364 2591 puris·

240 2616 334 2676 simae
355 2617 486 2678 veritatis
508 2618 592 2678 notio
614 2619 678 2678 sine
700 2619 782 2680 omni
805 2618 897 2678 dubio
919 2618 1041 2696 cogitari
1058 2627 1172 2698 putest;
1197 2639 1364 2699 ergomens

240 2725 281 2786 sit
302 2743 423 2787 necesse
446 2734 501 2803 εει,
526 2746 602 2806 quae
625 2727 686 2788 sola
710 2745 773 2788 eam
796 2727 948 2807 percipere
960 2728 1054 2808 possit
1075 2728 1208 2807 adeoque
1230 2747 1364 2794 summae

238 2835 349 2897 mentis
386 2837 468 2898 notio
502 2837 606 2899 itidem
637 2837 758 2917 cogitari
794 2845 902 2918 potest.
957 2839 1043 2911 Quod
1074 2839 1203 2920 denique
1232 2840 1269 2903 ad
1299 2859 1363 2902 eam

241 2947 447 3026 quaestionem
469 2948 584 3023 attinet,
608 2967 680 3010 num
703 2949 777 3011 haec
800 2967 916 3012 summe
938 2951 1059 3030 perfecti
1082 2951 1165 3013 notio
1188 2951 1275 3016 etiam
1298 2952 1364 3014 siue

236 3057 418 3136 perfectione
441 3059 629 3120 exsistentiae
651 3059 773 3139 cogitari
792 3058 904 3138 queat?
927 3061 996 3123 licet
1017 3062 1198 3124 concedatur
1219 3063 1364 3125 exsisten-

236 3167 309 3226 tiam
331 3185 392 3227 non
415 3168 586 3247 qualitatem
610 3177 728 3248 praeter
749 3178 863 3230 ceteras
885 3171 1041 3249 qualitates
1065 3191 1148 3246 esse,
1183 3173 1234 3254 sed
1258 3190 1362 3236 omues

237 3274 337 3353 potius
360 3274 517 3353 qualitates
539 3296 651 3355 ponere
673 3277 807 3356 adeoque
830 3297 877 3339 me
899 3279 929 3338 in
953 3299 1134 3359 unoquoque
1157 3288 1224 3342 ente
1246 3282 1363 3343 contin-

237 3391 325 3463 gente
348 3383 408 3443 sive
430 3385 514 3445 finito
536 3385 613 3446 hanc
634 3386 861 3448 affirmationem
884 3387 989 3450 abesse
1018 3390 1116 3451 facere
1142 3409 1240 3470 neque
1261 3397 1362 3454 tamen

197 3582 199 3585 Ι
237 3493 302 3572 ejus
324 3493 421 3554 ideam
444 3493 548 3555 tollere
570 3511 676 3574 posse,
702 3495 771 3574 quia
796 3497 894 3576 ipsum
927 3498 1103 3578 contingens
1125 3519 1218 3580 aeque
1241 3520 1363 3564 esseae

235 3621 297 3664 nou
327 3621 393 3664 esse
422 3611 521 3683 potest
550 3613 578 3666 et
607 3624 675 3666 vera
698 3605 765 3686 ejus
787 3607 957 3670 exsistentia
981 3625 1016 3670 ex
1037 3609 1104 3671 aliis
1127 3611 1247 3673 demum
1270 3612 1361 3675 rebus

234 3713 312 3790 veris
334 3715 506 3794 explicanda
529 3724 585 3794 est,
610 3717 679 3797 quia
702 3737 751 3780 res
774 3720 950 3800 contingens
971 3741 1030 3783 non
1049 3741 1152 3785 omnes
1174 3733 1259 3786 notas
1281 3726 1361 3786 affir-

235 3824 357 3885 mativas
380 3843 435 3888 nec
457 3808 560 3887 earum
583 3827 674 3890 offam
697 3828 729 3889 in
751 3849 869 3892 summo
891 3832 984 3912 gradu
1007 3833 1149 3895 continet.
1184 3833 1360 3896 Enscontra
1412 3865 1414 3870 ·

234 3933 446 4006 necessarium,
471 3935 539 4013 quia
563 3955 668 3997 omnes
690 3937 747 4018 ipsi
770 3949 856 4002 notae
875 3943 1066 4004 affirmativae
1082 3943 1112 4003 in
1130 3961 1247 4005 summo
1267 3945 1360 4022 gradu

235 4041 337 4129 insunt
360 4060 376 4101 a
399 4040 485 4101 uobis
509 4043 610 4106 nisire
627 4063 693 4106 vera
717 4048 861 4110 exsistens
884 4051 1005 4130 cogitari
1017 4051 1131 4130 nequit.
1165 4052 1268 4130 Neque
1287 4053 1360 4114 haec

235 4149 332 4228 aliqua
363 4151 488 4211 fortasse
518 4151 641 4213 humani
671 4154 840 4217 intellectus
869 4161 1005 4238 angustia
1035 4168 1098 4236 est;
1139 4161 1191 4222 sed
1222 4162 1301 4223 inter
1327 4181 1359 4224 se

234 4260 428 4339 repugnantia
462 4281 537 4341 quae
570 4281 602 4324 se
631 4263 695 4342 ipsa
725 4273 829 4326 mutuo
861 4267 968 4330 tollunt
997 4269 1118 4331 anullo
1145 4289 1268 4352 prorsus
1291 4281 1359 4334 ente

235 4369 380 4450 cogitante
402 4371 523 4450 cogitari
545 4380 691 4454 possunt;
722 4372 785 4454 jam
817 4393 886 4436 vero
919 4377 1155 4442 demonstratum
1185 4389 1247 4457 est,
1281 4382 1358 4444 hanc
