<?xml version="1.0" encoding="UTF-8"?>
<!DOCTYPE html PUBLIC "-//W3C//DTD XHTML 1.0 Transitional//EN"
    "http://www.w3.org/TR/xhtml1/DTD/xhtml1-transitional.dtd">
<html xmlns="http://www.w3.org/1999/xhtml" xml:lang="en" lang="en">
 <head>
  <title>
</title>
<meta http-equiv="Content-Type" content="text/html;charset=utf-8" />
  <meta name='ocr-system' content='tesseract 3.04.00' />
  <meta name='ocr-capabilities' content='ocr_page ocr_carea ocr_par ocr_line ocrx_word'/>
</head>
<body>
  <div class='ocr_page' id='page_1' title='image "./deontologicopro00waltgoog_0041.png"; bbox 0 0 3236 5076; ppageno 0'>
   <div class='ocr_carea' id='block_1_1' title="bbox 682 399 1004 536">
    <p class='ocr_par' dir='ltr' id='par_1_1' title="bbox 682 399 1004 536">
     <span class='ocr_line' id='line_1_1' title="bbox 948 399 950 406; baseline 0 0"><span class='ocrx_word' id='word_1_1' title='bbox 948 399 950 406; x_wconf 89' lang='grc' dir='ltr'>ι</span> 
     </span>
     <span class='ocr_line' id='line_1_2' title="bbox 682 465 1004 536; baseline -0.006 -18"><span class='ocrx_word' id='word_1_2' title='bbox 682 505 768 518; x_wconf 59' lang='lat' dir='ltr'><em>m</em></span> <span class='ocrx_word' id='word_1_3' title='bbox 818 465 867 536; x_wconf 57' lang='lat' dir='ltr'><strong>m</strong></span> <span class='ocrx_word' id='word_1_4' title='bbox 921 505 1004 517; x_wconf 77' lang='lat'>——</span> 
     </span>
    </p>
   </div>
   <div class='ocr_carea' id='block_1_2' title="bbox 282 644 1408 4487">
    <p class='ocr_par' dir='ltr' id='par_1_2' title="bbox 282 644 1408 3568">
     <span class='ocr_line' id='line_1_3' title="bbox 282 644 1407 712; baseline -0.003 0"><span class='ocrx_word' id='word_1_5' title='bbox 282 645 375 712; x_wconf 86' lang='lat' dir='ltr'>menti</span> <span class='ocrx_word' id='word_1_6' title='bbox 424 645 573 710; x_wconf 87' lang='lat' dir='ltr'>bumanae</span> <span class='ocrx_word' id='word_1_7' title='bbox 623 647 867 712; x_wconf 75' lang='lat' dir='ltr'>commendarent</span> <span class='ocrx_word' id='word_1_8' title='bbox 909 657 940 711; x_wconf 87' lang='lat' dir='ltr'>et</span> <span class='ocrx_word' id='word_1_9' title='bbox 976 645 1181 710; x_wconf 77' lang='lat' dir='ltr'>subtilissimis</span> <span class='ocrx_word' id='word_1_10' title='bbox 1216 644 1295 710; x_wconf 85' lang='lat' dir='ltr'>baud</span> <span class='ocrx_word' id='word_1_11' title='bbox 1336 665 1407 709; x_wconf 90' lang='lat' dir='ltr'>raro</span> 
     </span>
     <span class='ocr_line' id='line_1_4' title="bbox 282 757 1407 838; baseline -0.002 -16"><span class='ocrx_word' id='word_1_12' title='bbox 282 757 557 822; x_wconf 69' lang='lat' dir='ltr'>allucinationibus</span> <span class='ocrx_word' id='word_1_13' title='bbox 600 759 762 822; x_wconf 85' lang='lat' dir='ltr'>llrmarent.</span> <span class='ocrx_word' id='word_1_14' title='bbox 818 758 943 822; x_wconf 88' lang='lat' dir='ltr'>llatione</span> <span class='ocrx_word' id='word_1_15' title='bbox 992 757 1112 838; x_wconf 88' lang='lat' dir='ltr'>quidem</span> <span class='ocrx_word' id='word_1_16' title='bbox 1156 757 1193 820; x_wconf 90' lang='lat' dir='ltr'>ad</span> <span class='ocrx_word' id='word_1_17' title='bbox 1236 757 1407 837; x_wconf 89' lang='lat' dir='ltr'>intelligen-</span> 
     </span>
     <span class='ocr_line' id='line_1_5' title="bbox 282 867 1406 949; baseline 0 -19"><span class='ocrx_word' id='word_1_18' title='bbox 282 867 351 930; x_wconf 84' lang='lat' dir='ltr'>dam</span> <span class='ocrx_word' id='word_1_19' title='bbox 373 867 525 930; x_wconf 83' lang='lat' dir='ltr'>veritatem</span> <span class='ocrx_word' id='word_1_20' title='bbox 547 875 697 932; x_wconf 87' lang='lat' dir='ltr'>aeternam</span> <span class='ocrx_word' id='word_1_21' title='bbox 715 867 758 932; x_wconf 91' lang='lat' dir='ltr'>uti</span> <span class='ocrx_word' id='word_1_22' title='bbox 775 869 954 949; x_wconf 91' lang='lat' dir='ltr'>permissum</span> <span class='ocrx_word' id='word_1_23' title='bbox 973 867 1010 930; x_wconf 88' lang='lat' dir='ltr'>iis</span> <span class='ocrx_word' id='word_1_24' title='bbox 1028 875 1109 944; x_wconf 81' lang='lat' dir='ltr'>erat3</span> <span class='ocrx_word' id='word_1_25' title='bbox 1132 867 1185 928; x_wconf 90' lang='lat' dir='ltr'>sed</span> <span class='ocrx_word' id='word_1_26' title='bbox 1197 877 1406 947; x_wconf 86' lang='lat' dir='ltr'>qnaeaeterna</span> 
     </span>
     <span class='ocr_line' id='line_1_6' title="bbox 284 975 1408 1058; baseline -0.001 -19"><span class='ocrx_word' id='word_1_27' title='bbox 284 975 392 1040; x_wconf 83' lang='lat' dir='ltr'>raritas</span> <span class='ocrx_word' id='word_1_28' title='bbox 420 977 460 1040; x_wconf 89' lang='lat' dir='ltr'>sit</span> <span class='ocrx_word' id='word_1_29' title='bbox 488 976 551 1058; x_wconf 83' lang='lat' dir='ltr'>jem</span> <span class='ocrx_word' id='word_1_30' title='bbox 574 977 688 1042; x_wconf 86' lang='lat' dir='ltr'>dudum</span> <span class='ocrx_word' id='word_1_31' title='bbox 710 977 834 1040; x_wconf 81' lang='lat' dir='ltr'>ecclesia</span> <span class='ocrx_word' id='word_1_32' title='bbox 867 977 1011 1040; x_wconf 85' lang='lat' dir='ltr'>catholica</span> <span class='ocrx_word' id='word_1_33' title='bbox 1045 976 1183 1040; x_wconf 85' lang='lat' dir='ltr'>lldelibns</span> <span class='ocrx_word' id='word_1_34' title='bbox 1215 983 1408 1058; x_wconf 72' lang='lat' dir='ltr'>praesepem</span> 
     </span>
     <span class='ocr_line' id='line_1_7' title="bbox 283 1085 1407 1168; baseline -0.002 -18"><span class='ocrx_word' id='word_1_35' title='bbox 283 1105 378 1167; x_wconf 85' lang='lat' dir='ltr'>eaque</span> <span class='ocrx_word' id='word_1_36' title='bbox 399 1095 555 1168; x_wconf 84' lang='lat' dir='ltr'>praecepta</span> <span class='ocrx_word' id='word_1_37' title='bbox 577 1087 704 1150; x_wconf 85' lang='lat' dir='ltr'>tirmiter</span> <span class='ocrx_word' id='word_1_38' title='bbox 730 1095 762 1150; x_wconf 88' lang='lat' dir='ltr'>et</span> <span class='ocrx_word' id='word_1_39' title='bbox 789 1087 966 1150; x_wconf 86' lang='lat' dir='ltr'>inconcusse</span> <span class='ocrx_word' id='word_1_40' title='bbox 989 1105 1106 1150; x_wconf 86' lang='lat' dir='ltr'>serrare</span> <span class='ocrx_word' id='word_1_41' title='bbox 1134 1103 1240 1148; x_wconf 87' lang='lat' dir='ltr'>omnes</span> <span class='ocrx_word' id='word_1_42' title='bbox 1261 1085 1407 1148; x_wconf 78' lang='lat' dir='ltr'>eeclesiae</span> 
     </span>
     <span class='ocr_line' id='line_1_8' title="bbox 283 1195 1406 1277; baseline -0.002 -17"><span class='ocrx_word' id='word_1_43' title='bbox 283 1195 392 1260; x_wconf 76' lang='lat' dir='ltr'>addicti</span> <span class='ocrx_word' id='word_1_44' title='bbox 412 1195 596 1277; x_wconf 84' lang='lat' dir='ltr'>jussieraut.</span> <span class='ocrx_word' id='word_1_45' title='bbox 637 1195 810 1277; x_wconf 81' lang='lat' dir='ltr'>Evangelica</span> <span class='ocrx_word' id='word_1_46' title='bbox 823 1215 891 1259; x_wconf 89' lang='lat' dir='ltr'>rero</span> <span class='ocrx_word' id='word_1_47' title='bbox 913 1195 1037 1259; x_wconf 88' lang='lat' dir='ltr'>ecclesia</span> <span class='ocrx_word' id='word_1_48' title='bbox 1058 1215 1074 1258; x_wconf 91' lang='lat' dir='ltr'>a</span> <span class='ocrx_word' id='word_1_49' title='bbox 1097 1195 1244 1276; x_wconf 85' lang='lat' dir='ltr'>principio</span> <span class='ocrx_word' id='word_1_50' title='bbox 1267 1195 1323 1258; x_wconf 88' lang='lat' dir='ltr'>boc</span> <span class='ocrx_word' id='word_1_51' title='bbox 1345 1195 1406 1258; x_wconf 87' lang='lat' dir='ltr'>sibi</span> 
     </span>
     <span class='ocr_line' id='line_1_9' title="bbox 283 1291 1407 1390; baseline 0 -22"><span class='ocrx_word' id='word_1_52' title='bbox 283 1313 496 1390; x_wconf 81' lang='lat' dir='ltr'>proposuerat,</span> <span class='ocrx_word' id='word_1_53' title='bbox 531 1313 565 1368; x_wconf 91' lang='lat' dir='ltr'>ut</span> <span class='ocrx_word' id='word_1_54' title='bbox 585 1305 622 1368; x_wconf 88' lang='lat' dir='ltr'>da</span> <span class='ocrx_word' id='word_1_55' title='bbox 644 1313 763 1369; x_wconf 84' lang='lat' dir='ltr'>aeterna</span> <span class='ocrx_word' id='word_1_56' title='bbox 785 1305 907 1370; x_wconf 84' lang='lat' dir='ltr'>veritate</span> <span class='ocrx_word' id='word_1_57' title='bbox 928 1305 1012 1387; x_wconf 83' lang='lat' dir='ltr'>quasi</span> <span class='ocrx_word' id='word_1_58' title='bbox 1042 1305 1141 1368; x_wconf 89' lang='lat' dir='ltr'>denuc</span> <span class='ocrx_word' id='word_1_59' title='bbox 1171 1291 1315 1368; x_wconf 84' lang='lat' dir='ltr'>rationem</span> <span class='ocrx_word' id='word_1_60' title='bbox 1337 1304 1407 1368; x_wconf 87' lang='lat' dir='ltr'>red·-</span> 
     </span>
     <span class='ocr_line' id='line_1_10' title="bbox 283 1414 1407 1496; baseline -0.002 -18"><span class='ocrx_word' id='word_1_61' title='bbox 283 1416 368 1480; x_wconf 89' lang='lat' dir='ltr'>deret</span> <span class='ocrx_word' id='word_1_62' title='bbox 389 1433 445 1478; x_wconf 88' lang='lat' dir='ltr'>nec</span> <span class='ocrx_word' id='word_1_63' title='bbox 466 1414 627 1496; x_wconf 78' lang='lat' dir='ltr'>quidquam</span> <span class='ocrx_word' id='word_1_64' title='bbox 649 1415 716 1478; x_wconf 90' lang='lat' dir='ltr'>sine</span> <span class='ocrx_word' id='word_1_65' title='bbox 737 1415 831 1478; x_wconf 86' lang='lat' dir='ltr'>bbere</span> <span class='ocrx_word' id='word_1_66' title='bbox 850 1415 1025 1496; x_wconf 84' lang='lat' dir='ltr'>sinceraque</span> <span class='ocrx_word' id='word_1_67' title='bbox 1047 1415 1281 1496; x_wconf 73' lang='lat' dir='ltr'>perscrutatione</span> <span class='ocrx_word' id='word_1_68' title='bbox 1302 1433 1407 1476; x_wconf 88' lang='lat' dir='ltr'>rerum</span> 
     </span>
     <span class='ocr_line' id='line_1_11' title="bbox 283 1523 1405 1606; baseline -0.001 -17"><span class='ocrx_word' id='word_1_69' title='bbox 283 1524 462 1589; x_wconf 84' lang='lat' dir='ltr'>admitteret.</span> <span class='ocrx_word' id='word_1_70' title='bbox 512 1525 599 1588; x_wconf 80' lang='lat' dir='ltr'>Certe</span> <span class='ocrx_word' id='word_1_71' title='bbox 627 1543 687 1588; x_wconf 88' lang='lat' dir='ltr'>non</span> <span class='ocrx_word' id='word_1_72' title='bbox 717 1524 893 1606; x_wconf 76' lang='lat' dir='ltr'>negabimus</span> <span class='ocrx_word' id='word_1_73' title='bbox 922 1525 979 1588; x_wconf 92' lang='lat' dir='ltr'>boc</span> <span class='ocrx_word' id='word_1_74' title='bbox 1004 1523 1151 1606; x_wconf 83' lang='lat' dir='ltr'>judicium</span> <span class='ocrx_word' id='word_1_75' title='bbox 1181 1543 1265 1600; x_wconf 83' lang='lat' dir='ltr'>mox,</span> <span class='ocrx_word' id='word_1_76' title='bbox 1311 1543 1405 1605; x_wconf 87' lang='lat' dir='ltr'>quum</span> 
     </span>
     <span class='ocr_line' id='line_1_12' title="bbox 284 1633 1407 1711; baseline -0.003 -11"><span class='ocrx_word' id='word_1_77' title='bbox 284 1633 409 1700; x_wconf 85' lang='lat' dir='ltr'>ccclesia</span> <span class='ocrx_word' id='word_1_78' title='bbox 438 1647 538 1700; x_wconf 89' lang='lat' dir='ltr'>nostra</span> <span class='ocrx_word' id='word_1_79' title='bbox 561 1643 662 1698; x_wconf 90' lang='lat' dir='ltr'>contra</span> <span class='ocrx_word' id='word_1_80' title='bbox 685 1635 871 1698; x_wconf 84' lang='lat' dir='ltr'>adversarios</span> <span class='ocrx_word' id='word_1_81' title='bbox 900 1635 1137 1711; x_wconf 69' lang='lat' dir='ltr'>manicasse,</span> <span class='ocrx_word' id='word_1_82' title='bbox 1172 1634 1344 1698; x_wconf 86' lang='lat' dir='ltr'>derelictum</span> <span class='ocrx_word' id='word_1_83' title='bbox 1374 1645 1407 1697; x_wconf 86' lang='lat' dir='ltr'>et</span> 
     </span>
     <span class='ocr_line' id='line_1_13' title="bbox 283 1745 1406 1830; baseline -0.005 -18"><span class='ocrx_word' id='word_1_84' title='bbox 283 1747 370 1830; x_wconf 86' lang='lat' dir='ltr'>quasi</span> <span class='ocrx_word' id='word_1_85' title='bbox 393 1747 533 1812; x_wconf 87' lang='lat' dir='ltr'>obrutum</span> <span class='ocrx_word' id='word_1_86' title='bbox 555 1767 641 1826; x_wconf 87' lang='lat' dir='ltr'>esse;</span> <span class='ocrx_word' id='word_1_87' title='bbox 676 1755 816 1812; x_wconf 88' lang='lat' dir='ltr'>atnemo</span> <span class='ocrx_word' id='word_1_88' title='bbox 838 1747 1038 1811; x_wconf 84' lang='lat' dir='ltr'>saccharum</span> <span class='ocrx_word' id='word_1_89' title='bbox 1061 1765 1160 1810; x_wconf 89' lang='lat' dir='ltr'>rerum</span> <span class='ocrx_word' id='word_1_90' title='bbox 1183 1748 1298 1828; x_wconf 90' lang='lat' dir='ltr'>peritus</span> <span class='ocrx_word' id='word_1_91' title='bbox 1319 1745 1406 1808; x_wconf 88' lang='lat' dir='ltr'>dubl-</span> 
     </span>
     <span class='ocr_line' id='line_1_14' title="bbox 286 1855 1406 1940; baseline -0.003 -19"><span class='ocrx_word' id='word_1_92' title='bbox 286 1867 348 1922; x_wconf 86' lang='lat' dir='ltr'>tarc</span> <span class='ocrx_word' id='word_1_93' title='bbox 370 1865 486 1939; x_wconf 86' lang='lat' dir='ltr'>potest,</span> <span class='ocrx_word' id='word_1_94' title='bbox 521 1857 594 1940; x_wconf 83' lang='lat' dir='ltr'>quia</span> <span class='ocrx_word' id='word_1_95' title='bbox 616 1859 689 1920; x_wconf 85' lang='lat' dir='ltr'>baec</span> <span class='ocrx_word' id='word_1_96' title='bbox 717 1857 839 1920; x_wconf 88' lang='lat' dir='ltr'>libertas</span> <span class='ocrx_word' id='word_1_97' title='bbox 868 1875 969 1920; x_wconf 88' lang='lat' dir='ltr'>verum</span> <span class='ocrx_word' id='word_1_98' title='bbox 992 1863 1022 1920; x_wconf 87' lang='lat' dir='ltr'>et</span> <span class='ocrx_word' id='word_1_99' title='bbox 1043 1857 1198 1938; x_wconf 88' lang='lat' dir='ltr'>proprium</span> <span class='ocrx_word' id='word_1_100' title='bbox 1221 1855 1406 1936; x_wconf 86' lang='lat' dir='ltr'>evangelicae</span> 
     </span>
     <span class='ocr_line' id='line_1_15' title="bbox 284 1967 1406 2048; baseline -0.003 -18"><span class='ocrx_word' id='word_1_101' title='bbox 284 1967 426 2030; x_wconf 86' lang='lat' dir='ltr'>ecclesiae</span> <span class='ocrx_word' id='word_1_102' title='bbox 448 1968 673 2030; x_wconf 78' lang='lat' dir='ltr'>fundamentum</span> <span class='ocrx_word' id='word_1_103' title='bbox 695 1967 795 2042; x_wconf 75' lang='lat' dir='ltr'>luerit,</span> <span class='ocrx_word' id='word_1_104' title='bbox 820 1987 896 2048; x_wconf 87' lang='lat' dir='ltr'>quac</span> <span class='ocrx_word' id='word_1_105' title='bbox 918 1967 993 2030; x_wconf 89' lang='lat' dir='ltr'>nibil</span> <span class='ocrx_word' id='word_1_106' title='bbox 1015 1967 1096 2030; x_wconf 89' lang='lat' dir='ltr'>aliud</span> <span class='ocrx_word' id='word_1_107' title='bbox 1118 1967 1237 2048; x_wconf 84' lang='lat' dir='ltr'>agebat,</span> <span class='ocrx_word' id='word_1_108' title='bbox 1261 1985 1350 2048; x_wconf 89' lang='lat' dir='ltr'>quarn</span> <span class='ocrx_word' id='word_1_109' title='bbox 1374 1976 1406 2028; x_wconf 83' lang='lat' dir='ltr'>ut</span> 
     </span>
     <span class='ocr_line' id='line_1_16' title="bbox 284 2076 1406 2157; baseline -0.002 -17"><span class='ocrx_word' id='word_1_110' title='bbox 284 2077 404 2140; x_wconf 83' lang='lat' dir='ltr'>mimos</span> <span class='ocrx_word' id='word_1_111' title='bbox 422 2076 579 2138; x_wconf 92' lang='lat' dir='ltr'>bominum</span> <span class='ocrx_word' id='word_1_112' title='bbox 602 2076 639 2140; x_wconf 91' lang='lat' dir='ltr'>de</span> <span class='ocrx_word' id='word_1_113' title='bbox 661 2076 699 2138; x_wconf 88' lang='lat' dir='ltr'>iis</span> <span class='ocrx_word' id='word_1_114' title='bbox 720 2091 797 2157; x_wconf 86' lang='lat' dir='ltr'>quae</span> <span class='ocrx_word' id='word_1_115' title='bbox 824 2097 891 2140; x_wconf 86' lang='lat' dir='ltr'>vera</span> <span class='ocrx_word' id='word_1_116' title='bbox 921 2077 1009 2140; x_wconf 90' lang='lat' dir='ltr'>etad</span> <span class='ocrx_word' id='word_1_117' title='bbox 1032 2077 1157 2140; x_wconf 90' lang='lat' dir='ltr'>salutem</span> <span class='ocrx_word' id='word_1_118' title='bbox 1181 2085 1331 2140; x_wconf 79' lang='lat' dir='ltr'>aemma·</span> <span class='ocrx_word' id='word_1_119' title='bbox 1354 2095 1406 2138; x_wconf 87' lang='lat' dir='ltr'>ne-</span> 
     </span>
     <span class='ocr_line' id='line_1_17' title="bbox 284 2185 1407 2268; baseline -0.002 -19"><span class='ocrx_word' id='word_1_120' title='bbox 284 2185 414 2250; x_wconf 83' lang='lat' dir='ltr'>cessaria</span> <span class='ocrx_word' id='word_1_121' title='bbox 434 2193 506 2248; x_wconf 89' lang='lat' dir='ltr'>sunt</span> <span class='ocrx_word' id='word_1_122' title='bbox 527 2204 615 2266; x_wconf 89' lang='lat' dir='ltr'>quam</span> <span class='ocrx_word' id='word_1_123' title='bbox 639 2185 809 2248; x_wconf 83' lang='lat' dir='ltr'>firmissime</span> <span class='ocrx_word' id='word_1_124' title='bbox 831 2186 896 2248; x_wconf 86' lang='lat' dir='ltr'>lleri</span> <span class='ocrx_word' id='word_1_125' title='bbox 922 2194 1038 2267; x_wconf 91' lang='lat' dir='ltr'>poterat</span> <span class='ocrx_word' id='word_1_126' title='bbox 1063 2187 1266 2268; x_wconf 90' lang='lat' dir='ltr'>persuaderet.</span> <span class='ocrx_word' id='word_1_127' title='bbox 1312 2187 1407 2248; x_wconf 87' lang='lat' dir='ltr'>Sebo·</span> 
     </span>
     <span class='ocr_line' id='line_1_18' title="bbox 285 2291 1403 2377; baseline 0 -19"><span class='ocrx_word' id='word_1_128' title='bbox 285 2295 380 2358; x_wconf 90' lang='lat' dir='ltr'>lastici</span> <span class='ocrx_word' id='word_1_129' title='bbox 401 2294 542 2374; x_wconf 83' lang='lat' dir='ltr'>theologi,</span> <span class='ocrx_word' id='word_1_130' title='bbox 567 2303 600 2356; x_wconf 94' lang='lat' dir='ltr'>ut</span> <span class='ocrx_word' id='word_1_131' title='bbox 620 2291 776 2358; x_wconf 79' lang='lat' dir='ltr'>bnselmus</span> <span class='ocrx_word' id='word_1_132' title='bbox 798 2295 984 2376; x_wconf 85' lang='lat' dir='ltr'>praesertim.</span> <span class='ocrx_word' id='word_1_133' title='bbox 1009 2295 1210 2358; x_wconf 88' lang='lat' dir='ltr'>Christianum</span> <span class='ocrx_word' id='word_1_134' title='bbox 1231 2315 1286 2377; x_wconf 89' lang='lat' dir='ltr'>per</span> <span class='ocrx_word' id='word_1_135' title='bbox 1304 2297 1403 2371; x_wconf 85' lang='lat' dir='ltr'>iidem,</span> 
     </span>
     <span class='ocr_line' id='line_1_19' title="bbox 285 2403 1405 2486; baseline -0.001 -19"><span class='ocrx_word' id='word_1_136' title='bbox 285 2403 434 2481; x_wconf 86' lang='lat' dir='ltr'>dicebant,</span> <span class='ocrx_word' id='word_1_137' title='bbox 457 2404 494 2466; x_wconf 90' lang='lat' dir='ltr'>ad</span> <span class='ocrx_word' id='word_1_138' title='bbox 517 2403 700 2466; x_wconf 87' lang='lat' dir='ltr'>intellectum</span> <span class='ocrx_word' id='word_1_139' title='bbox 722 2403 883 2485; x_wconf 80' lang='lat' dir='ltr'>procedere</span> <span class='ocrx_word' id='word_1_140' title='bbox 905 2403 1030 2482; x_wconf 80' lang='lat' dir='ltr'>debere,</span> <span class='ocrx_word' id='word_1_141' title='bbox 1062 2425 1121 2468; x_wconf 88' lang='lat' dir='ltr'>uon</span> <span class='ocrx_word' id='word_1_142' title='bbox 1146 2425 1200 2486; x_wconf 88' lang='lat' dir='ltr'>per</span> <span class='ocrx_word' id='word_1_143' title='bbox 1220 2405 1405 2468; x_wconf 90' lang='lat' dir='ltr'>intellectum</span> 
     </span>
     <span class='ocr_line' id='line_1_20' title="bbox 285 2511 1403 2595; baseline -0.002 -17"><span class='ocrx_word' id='word_1_144' title='bbox 285 2513 323 2578; x_wconf 88' lang='lat' dir='ltr'>ad</span> <span class='ocrx_word' id='word_1_145' title='bbox 345 2513 434 2578; x_wconf 85' lang='lat' dir='ltr'>tidem</span> <span class='ocrx_word' id='word_1_146' title='bbox 456 2513 614 2592; x_wconf 87' lang='lat' dir='ltr'>accedere,</span> <span class='ocrx_word' id='word_1_147' title='bbox 645 2522 697 2578; x_wconf 92' lang='lat' dir='ltr'>ant</span> <span class='ocrx_word' id='word_1_148' title='bbox 718 2513 744 2576; x_wconf 92' lang='lat' dir='ltr'>si</span> <span class='ocrx_word' id='word_1_149' title='bbox 766 2511 932 2595; x_wconf 87' lang='lat' dir='ltr'>intelligere</span> <span class='ocrx_word' id='word_1_150' title='bbox 955 2533 1015 2576; x_wconf 91' lang='lat' dir='ltr'>non</span> <span class='ocrx_word' id='word_1_151' title='bbox 1038 2515 1114 2578; x_wconf 85' lang='lat' dir='ltr'>valet</span> <span class='ocrx_word' id='word_1_152' title='bbox 1136 2535 1152 2577; x_wconf 90' lang='lat' dir='ltr'>a</span> <span class='ocrx_word' id='word_1_153' title='bbox 1174 2516 1232 2578; x_wconf 87' lang='lat' dir='ltr'>lide</span> <span class='ocrx_word' id='word_1_154' title='bbox 1253 2516 1403 2578; x_wconf 87' lang='lat' dir='ltr'>recedere.</span> 
     </span>
     <span class='ocr_line' id='line_1_21' title="bbox 285 2623 1407 2706; baseline 0 -18"><span class='ocrx_word' id='word_1_155' title='bbox 285 2625 436 2688; x_wconf 86' lang='lat' dir='ltr'>Lutberns</span> <span class='ocrx_word' id='word_1_156' title='bbox 465 2623 590 2706; x_wconf 86' lang='lat' dir='ltr'>ejusque</span> <span class='ocrx_word' id='word_1_157' title='bbox 622 2623 695 2688; x_wconf 83' lang='lat' dir='ltr'>socii</span> <span class='ocrx_word' id='word_1_158' title='bbox 722 2624 781 2690; x_wconf 86' lang='lat' dir='ltr'>nisi</span> <span class='ocrx_word' id='word_1_159' title='bbox 813 2644 867 2699; x_wconf 90' lang='lat' dir='ltr'>per</span> <span class='ocrx_word' id='word_1_160' title='bbox 898 2643 1012 2688; x_wconf 88' lang='lat' dir='ltr'>sacmm</span> <span class='ocrx_word' id='word_1_161' title='bbox 1045 2625 1222 2705; x_wconf 89' lang='lat' dir='ltr'>scripturam</span> <span class='ocrx_word' id='word_1_162' title='bbox 1255 2634 1307 2688; x_wconf 88' lang='lat' dir='ltr'>aut</span> <span class='ocrx_word' id='word_1_163' title='bbox 1334 2625 1407 2688; x_wconf 87' lang='lat' dir='ltr'>alias</span> 
     </span>
     <span class='ocr_line' id='line_1_22' title="bbox 285 2733 1407 2816; baseline -0.002 -18"><span class='ocrx_word' id='word_1_164' title='bbox 285 2735 381 2798; x_wconf 87' lang='lat' dir='ltr'>claras</span> <span class='ocrx_word' id='word_1_165' title='bbox 402 2735 650 2816; x_wconf 85' lang='lat' dir='ltr'>invincibilesquo</span> <span class='ocrx_word' id='word_1_166' title='bbox 672 2735 802 2798; x_wconf 85' lang='lat' dir='ltr'>rationes</span> <span class='ocrx_word' id='word_1_167' title='bbox 825 2741 1039 2814; x_wconf 85' lang='lat' dir='ltr'>superarentur</span> <span class='ocrx_word' id='word_1_168' title='bbox 1056 2752 1094 2796; x_wconf 86' lang='lat' dir='ltr'>ne</span> <span class='ocrx_word' id='word_1_169' title='bbox 1112 2733 1268 2796; x_wconf 89' lang='lat' dir='ltr'>minimum</span> <span class='ocrx_word' id='word_1_170' title='bbox 1285 2734 1407 2814; x_wconf 89' lang='lat' dir='ltr'>quidem</span> 
     </span>
     <span class='ocr_line' id='line_1_23' title="bbox 285 2843 1407 2924; baseline -0.001 -17"><span class='ocrx_word' id='word_1_171' title='bbox 285 2845 463 2908; x_wconf 83' lang='lat' dir='ltr'>adversariis</span> <span class='ocrx_word' id='word_1_172' title='bbox 485 2845 649 2906; x_wconf 89' lang='lat' dir='ltr'>concedere</span> <span class='ocrx_word' id='word_1_173' title='bbox 670 2843 818 2905; x_wconf 89' lang='lat' dir='ltr'>volebant.</span> <span class='ocrx_word' id='word_1_174' title='bbox 852 2844 954 2924; x_wconf 85' lang='lat' dir='ltr'>ltaque</span> <span class='ocrx_word' id='word_1_175' title='bbox 966 2851 1068 2906; x_wconf 87' lang='lat' dir='ltr'>nostra</span> <span class='ocrx_word' id='word_1_176' title='bbox 1080 2843 1269 2924; x_wconf 86' lang='lat' dir='ltr'>potissimum</span> <span class='ocrx_word' id='word_1_177' title='bbox 1281 2844 1407 2906; x_wconf 85' lang='lat' dir='ltr'>ecclesia</span> 
     </span>
     <span class='ocr_line' id='line_1_24' title="bbox 285 2952 1407 3034; baseline 0.002 -20"><span class='ocrx_word' id='word_1_178' title='bbox 285 2954 430 3033; x_wconf 89' lang='lat' dir='ltr'>integram</span> <span class='ocrx_word' id='word_1_179' title='bbox 460 2952 646 3034; x_wconf 89' lang='lat' dir='ltr'>philosophis</span> <span class='ocrx_word' id='word_1_180' title='bbox 676 2952 753 3014; x_wconf 87' lang='lat' dir='ltr'>viam</span> <span class='ocrx_word' id='word_1_181' title='bbox 782 2952 820 3014; x_wconf 91' lang='lat' dir='ltr'>ad</span> <span class='ocrx_word' id='word_1_182' title='bbox 848 2952 1078 3033; x_wconf 85' lang='lat' dir='ltr'>perscrutandas</span> <span class='ocrx_word' id='word_1_183' title='bbox 1108 2971 1241 3014; x_wconf 88' lang='lat' dir='ltr'>summas</span> <span class='ocrx_word' id='word_1_184' title='bbox 1271 2953 1407 3016; x_wconf 88' lang='lat' dir='ltr'>veritates</span> 
     </span>
     <span class='ocr_line' id='line_1_25' title="bbox 284 3061 1407 3144; baseline -0.002 -18"><span class='ocrx_word' id='word_1_185' title='bbox 284 3061 411 3144; x_wconf 88' lang='lat' dir='ltr'>aperuit,</span> <span class='ocrx_word' id='word_1_186' title='bbox 435 3081 493 3143; x_wconf 89' lang='lat' dir='ltr'>qua</span> <span class='ocrx_word' id='word_1_187' title='bbox 515 3081 584 3124; x_wconf 86' lang='lat' dir='ltr'>mox</span> <span class='ocrx_word' id='word_1_188' title='bbox 605 3061 659 3124; x_wconf 84' lang='lat' dir='ltr'>viri</span> <span class='ocrx_word' id='word_1_189' title='bbox 681 3061 761 3124; x_wconf 92' lang='lat' dir='ltr'>docti</span> <span class='ocrx_word' id='word_1_190' title='bbox 783 3061 954 3137; x_wconf 81' lang='lat' dir='ltr'>utebantur,</span> <span class='ocrx_word' id='word_1_191' title='bbox 981 3071 1013 3124; x_wconf 89' lang='lat' dir='ltr'>ut</span> <span class='ocrx_word' id='word_1_192' title='bbox 1034 3063 1239 3143; x_wconf 88' lang='lat' dir='ltr'>philosophica</span> <span class='ocrx_word' id='word_1_193' title='bbox 1262 3063 1312 3126; x_wconf 86' lang='lat' dir='ltr'>illa</span> <span class='ocrx_word' id='word_1_194' title='bbox 1335 3064 1407 3144; x_wconf 89' lang='lat' dir='ltr'>dog·</span> 
     </span>
     <span class='ocr_line' id='line_1_26' title="bbox 285 3171 1406 3253; baseline -0.002 -17"><span class='ocrx_word' id='word_1_195' title='bbox 285 3180 363 3236; x_wconf 88' lang='lat' dir='ltr'>mata</span> <span class='ocrx_word' id='word_1_196' title='bbox 386 3173 423 3235; x_wconf 91' lang='lat' dir='ltr'>de</span> <span class='ocrx_word' id='word_1_197' title='bbox 446 3172 507 3234; x_wconf 87' lang='lat' dir='ltr'>lleo</span> <span class='ocrx_word' id='word_1_198' title='bbox 529 3171 643 3234; x_wconf 87' lang='lat' dir='ltr'>scilicet</span> <span class='ocrx_word' id='word_1_199' title='bbox 665 3171 789 3253; x_wconf 88' lang='lat' dir='ltr'>ejusque</span> <span class='ocrx_word' id='word_1_200' title='bbox 810 3171 980 3250; x_wconf 85' lang='lat' dir='ltr'>exsistentia</span> <span class='ocrx_word' id='word_1_201' title='bbox 1003 3181 1033 3234; x_wconf 90' lang='lat' dir='ltr'>et</span> <span class='ocrx_word' id='word_1_202' title='bbox 1055 3173 1200 3250; x_wconf 86' lang='lat' dir='ltr'>essentia,</span> <span class='ocrx_word' id='word_1_203' title='bbox 1235 3173 1272 3236; x_wconf 92' lang='lat' dir='ltr'>de</span> <span class='ocrx_word' id='word_1_204' title='bbox 1294 3173 1406 3236; x_wconf 89' lang='lat' dir='ltr'>mundo</span> 
     </span>
     <span class='ocr_line' id='line_1_27' title="bbox 285 3282 1406 3365; baseline -0.002 -17"><span class='ocrx_word' id='word_1_205' title='bbox 285 3303 445 3365; x_wconf 87' lang='lat' dir='ltr'>rerumque</span> <span class='ocrx_word' id='word_1_206' title='bbox 478 3283 639 3346; x_wconf 87' lang='lat' dir='ltr'>visibilium</span> <span class='ocrx_word' id='word_1_207' title='bbox 673 3291 795 3359; x_wconf 78' lang='lat' dir='ltr'>aalma,</span> <span class='ocrx_word' id='word_1_208' title='bbox 830 3282 867 3346; x_wconf 89' lang='lat' dir='ltr'>de</span> <span class='ocrx_word' id='word_1_209' title='bbox 900 3283 1031 3346; x_wconf 87' lang='lat' dir='ltr'>bominis</span> <span class='ocrx_word' id='word_1_210' title='bbox 1062 3282 1159 3348; x_wconf 88' lang='lat' dir='ltr'>anima</span> <span class='ocrx_word' id='word_1_211' title='bbox 1194 3283 1318 3347; x_wconf 88' lang='lat' dir='ltr'>rationis</span> <span class='ocrx_word' id='word_1_212' title='bbox 1350 3301 1406 3363; x_wconf 89' lang='lat' dir='ltr'>ope</span> 
     </span>
     <span class='ocr_line' id='line_1_28' title="bbox 285 3392 1405 3474; baseline -0.003 -17"><span class='ocrx_word' id='word_1_213' title='bbox 285 3393 478 3458; x_wconf 85' lang='lat' dir='ltr'>illustrarent.</span> <span class='ocrx_word' id='word_1_214' title='bbox 523 3396 567 3459; x_wconf 86' lang='lat' dir='ltr'>lta</span> <span class='ocrx_word' id='word_1_215' title='bbox 597 3394 686 3458; x_wconf 87' lang='lat' dir='ltr'>flebat</span> <span class='ocrx_word' id='word_1_216' title='bbox 715 3402 749 3458; x_wconf 93' lang='lat' dir='ltr'>ut</span> <span class='ocrx_word' id='word_1_217' title='bbox 777 3401 807 3456; x_wconf 89' lang='lat' dir='ltr'>et</span> <span class='ocrx_word' id='word_1_218' title='bbox 835 3402 1044 3474; x_wconf 75' lang='lat' dir='ltr'>argumentum</span> <span class='ocrx_word' id='word_1_219' title='bbox 1073 3392 1276 3473; x_wconf 86' lang='lat' dir='ltr'>catologicum</span> <span class='ocrx_word' id='word_1_220' title='bbox 1306 3394 1405 3456; x_wconf 85' lang='lat' dir='ltr'>denuo</span> 
     </span>
     <span class='ocr_line' id='line_1_29' title="bbox 285 3505 728 3568; baseline 0 -2"><span class='ocrx_word' id='word_1_221' title='bbox 285 3513 460 3568; x_wconf 89' lang='lat' dir='ltr'>tractaretur</span> <span class='ocrx_word' id='word_1_222' title='bbox 481 3513 512 3567; x_wconf 92' lang='lat' dir='ltr'>et</span> <span class='ocrx_word' id='word_1_223' title='bbox 532 3505 728 3568; x_wconf 84' lang='lat' dir='ltr'>excoleretur.</span> 
     </span>
    </p>

    <p class='ocr_par' dir='ltr' id='par_1_3' title="bbox 285 3612 1406 4487">
     <span class='ocr_line' id='line_1_30' title="bbox 370 3612 1406 3694; baseline -0.002 -18"><span class='ocrx_word' id='word_1_224' title='bbox 370 3614 488 3678; x_wconf 86' lang='lat' dir='ltr'>Primus</span> <span class='ocrx_word' id='word_1_225' title='bbox 516 3615 731 3694; x_wconf 84' lang='lat' dir='ltr'>philosophus,</span> <span class='ocrx_word' id='word_1_226' title='bbox 766 3615 816 3694; x_wconf 89' lang='lat' dir='ltr'>qui</span> <span class='ocrx_word' id='word_1_227' title='bbox 847 3615 918 3676; x_wconf 89' lang='lat' dir='ltr'>bulo</span> <span class='ocrx_word' id='word_1_228' title='bbox 939 3622 1114 3693; x_wconf 86' lang='lat' dir='ltr'>argumento</span> <span class='ocrx_word' id='word_1_229' title='bbox 1140 3631 1259 3693; x_wconf 88' lang='lat' dir='ltr'>operam</span> <span class='ocrx_word' id='word_1_230' title='bbox 1283 3612 1406 3676; x_wconf 86' lang='lat' dir='ltr'>navabat</span> 
     </span>
     <span class='ocr_line' id='line_1_31' title="bbox 285 3721 1405 3802; baseline -0.001 -17"><span class='ocrx_word' id='word_1_231' title='bbox 285 3729 349 3786; x_wconf 84' lang='lat' dir='ltr'>crat</span> <span class='ocrx_word' id='word_1_232' title='bbox 370 3723 543 3784; x_wconf 81' lang='lat' dir='ltr'>Henetus</span> <span class='ocrx_word' id='word_1_233' title='bbox 573 3721 781 3785; x_wconf 89' lang='lat' dir='ltr'>Cartesius</span> <span class='ocrx_word' id='word_1_234' title='bbox 811 3723 933 3798; x_wconf 75' lang='lat' dir='ltr'>(Rene</span> <span class='ocrx_word' id='word_1_235' title='bbox 962 3723 1214 3798; x_wconf 82' lang='lat' dir='ltr'>bescartes)‚</span> <span class='ocrx_word' id='word_1_236' title='bbox 1245 3723 1405 3802; x_wconf 81' lang='lat' dir='ltr'>quinctus</span> 
     </span>
     <span class='ocr_line' id='line_1_32' title="bbox 285 3829 1406 3913; baseline -0.001 -18"><span class='ocrx_word' id='word_1_237' title='bbox 285 3831 384 3912; x_wconf 81' lang='lat' dir='ltr'>liegae</span> <span class='ocrx_word' id='word_1_238' title='bbox 416 3832 571 3894; x_wconf 83' lang='lat' dir='ltr'>Turonum</span> <span class='ocrx_word' id='word_1_239' title='bbox 609 3849 690 3894; x_wconf 91' lang='lat' dir='ltr'>anno</span> <span class='ocrx_word' id='word_1_240' title='bbox 725 3829 808 3896; x_wconf 82' lang='lat'><strong>1596</strong></span> <span class='ocrx_word' id='word_1_241' title='bbox 840 3850 875 3892; x_wconf 87' lang='lat' dir='ltr'>ex</span> <span class='ocrx_word' id='word_1_242' title='bbox 912 3840 1008 3894; x_wconf 85' lang='lat' dir='ltr'>vetere</span> <span class='ocrx_word' id='word_1_243' title='bbox 1042 3832 1286 3913; x_wconf 85' lang='lat' dir='ltr'>nobilissimaque</span> <span class='ocrx_word' id='word_1_244' title='bbox 1318 3840 1406 3913; x_wconf 87' lang='lat' dir='ltr'>gente</span> 
     </span>
     <span class='ocr_line' id='line_1_33' title="bbox 285 3941 1406 4024; baseline -0.001 -18"><span class='ocrx_word' id='word_1_245' title='bbox 285 3941 447 4006; x_wconf 87' lang='lat' dir='ltr'>catholicae</span> <span class='ocrx_word' id='word_1_246' title='bbox 469 3941 538 4004; x_wconf 87' lang='lat' dir='ltr'>lidei</span> <span class='ocrx_word' id='word_1_247' title='bbox 559 3941 676 4005; x_wconf 88' lang='lat' dir='ltr'>addicta</span> <span class='ocrx_word' id='word_1_248' title='bbox 698 3941 794 4022; x_wconf 90' lang='lat' dir='ltr'>prima</span> <span class='ocrx_word' id='word_1_249' title='bbox 813 3941 968 4022; x_wconf 86' lang='lat' dir='ltr'>juventute</span> <span class='ocrx_word' id='word_1_250' title='bbox 990 3950 1023 4006; x_wconf 91' lang='lat' dir='ltr'>ut</span> <span class='ocrx_word' id='word_1_251' title='bbox 1044 3961 1080 4004; x_wconf 91' lang='lat' dir='ltr'>eo</span> <span class='ocrx_word' id='word_1_252' title='bbox 1099 3952 1233 4024; x_wconf 88' lang='lat' dir='ltr'>tempore</span> <span class='ocrx_word' id='word_1_253' title='bbox 1255 3962 1321 4005; x_wconf 91' lang='lat' dir='ltr'>mos</span> <span class='ocrx_word' id='word_1_254' title='bbox 1343 3950 1406 4006; x_wconf 89' lang='lat' dir='ltr'>erat</span> 
     </span>
     <span class='ocr_line' id='line_1_34' title="bbox 285 4050 1405 4134; baseline 0 -20"><span class='ocrx_word' id='word_1_255' title='bbox 285 4071 301 4114; x_wconf 91' lang='lat' dir='ltr'>a</span> <span class='ocrx_word' id='word_1_256' title='bbox 323 4051 445 4113; x_wconf 85' lang='lat' dir='ltr'>lesuitis</span> <span class='ocrx_word' id='word_1_257' title='bbox 467 4051 609 4113; x_wconf 92' lang='lat' dir='ltr'>educatus</span> <span class='ocrx_word' id='word_1_258' title='bbox 631 4050 791 4112; x_wconf 86' lang='lat' dir='ltr'>insatiabili</span> <span class='ocrx_word' id='word_1_259' title='bbox 807 4051 947 4114; x_wconf 88' lang='lat' dir='ltr'>scientiae</span> <span class='ocrx_word' id='word_1_260' title='bbox 962 4053 1122 4133; x_wconf 87' lang='lat' dir='ltr'>cupiditate</span> <span class='ocrx_word' id='word_1_261' title='bbox 1137 4053 1168 4114; x_wconf 87' lang='lat' dir='ltr'>in</span> <span class='ocrx_word' id='word_1_262' title='bbox 1180 4053 1258 4114; x_wconf 84' lang='lat' dir='ltr'>veria</span> <span class='ocrx_word' id='word_1_263' title='bbox 1274 4052 1405 4134; x_wconf 91' lang='lat' dir='ltr'>primum</span> 
     </span>
     <span class='ocr_line' id='line_1_35' title="bbox 286 4161 1404 4244; baseline 0 -20"><span class='ocrx_word' id='word_1_264' title='bbox 286 4161 449 4224; x_wconf 89' lang='lat' dir='ltr'>litterarum</span> <span class='ocrx_word' id='word_1_265' title='bbox 472 4163 568 4224; x_wconf 86' lang='lat' dir='ltr'>studia</span> <span class='ocrx_word' id='word_1_266' title='bbox 591 4161 798 4231; x_wconf 86' lang='lat' dir='ltr'>incumbebat.</span> <span class='ocrx_word' id='word_1_267' title='bbox 829 4169 892 4224; x_wconf 86' lang='lat' dir='ltr'>tum</span> <span class='ocrx_word' id='word_1_268' title='bbox 922 4182 976 4243; x_wconf 84' lang='lat' dir='ltr'>prr</span> <span class='ocrx_word' id='word_1_269' title='bbox 1005 4163 1131 4229; x_wconf 82' lang='lat' dir='ltr'>niarium</span> <span class='ocrx_word' id='word_1_270' title='bbox 1160 4163 1298 4226; x_wconf 90' lang='lat' dir='ltr'>ardorem</span> <span class='ocrx_word' id='word_1_271' title='bbox 1321 4162 1404 4244; x_wconf 87' lang='lat' dir='ltr'>quasi</span> 
     </span>
     <span class='ocr_line' id='line_1_36' title="bbox 286 4271 1404 4336; baseline -0.001 -2"><span class='ocrx_word' id='word_1_272' title='bbox 286 4271 446 4334; x_wconf 89' lang='lat' dir='ltr'>exhaustus</span> <span class='ocrx_word' id='word_1_273' title='bbox 470 4272 498 4333; x_wconf 87' lang='lat' dir='ltr'>in</span> <span class='ocrx_word' id='word_1_274' title='bbox 524 4271 698 4333; x_wconf 87' lang='lat' dir='ltr'>Batavorum</span> <span class='ocrx_word' id='word_1_275' title='bbox 721 4271 829 4334; x_wconf 89' lang='lat' dir='ltr'>deinde</span> <span class='ocrx_word' id='word_1_276' title='bbox 851 4272 881 4334; x_wconf 88' lang='lat' dir='ltr'>in</span> <span class='ocrx_word' id='word_1_277' title='bbox 906 4273 1094 4336; x_wconf 80' lang='lat' dir='ltr'>bavariorum</span> <span class='ocrx_word' id='word_1_278' title='bbox 1118 4272 1246 4335; x_wconf 86' lang='lat' dir='ltr'>exercitu</span> <span class='ocrx_word' id='word_1_279' title='bbox 1268 4273 1404 4334; x_wconf 88' lang='lat' dir='ltr'>militiam</span> 
     </span>
     <span class='ocr_line' id='line_1_37' title="bbox 285 4380 1403 4487; baseline -0.002 -43"><span class='ocrx_word' id='word_1_280' title='bbox 285 4380 467 4463; x_wconf 86' lang='lat' dir='ltr'>capessebat.</span> <span class='ocrx_word' id='word_1_281' title='bbox 513 4381 645 4446; x_wconf 90' lang='lat' dir='ltr'>Indead</span> <span class='ocrx_word' id='word_1_282' title='bbox 667 4381 798 4446; x_wconf 87' lang='lat' dir='ltr'>studium</span> <span class='ocrx_word' id='word_1_283' title='bbox 828 4383 991 4487; x_wconf 73' lang='lat' dir='ltr'>litterarum</span> <span class='ocrx_word' id='word_1_284' title='bbox 1021 4402 1124 4446; x_wconf 89' lang='lat' dir='ltr'>rursus</span> <span class='ocrx_word' id='word_1_285' title='bbox 1147 4383 1350 4466; x_wconf 89' lang='lat' dir='ltr'>incipiendum</span> <span class='ocrx_word' id='word_1_286' title='bbox 1373 4382 1403 4443; x_wconf 88' lang='lat' dir='ltr'>in</span> 
     </span>
    </p>
   </div>
   <div class='ocr_carea' id='block_1_3' title="bbox 0 0 1624 5076">
    <p class='ocr_par' dir='ltr' id='par_1_4' title="bbox 0 0 1624 5076">
     <span class='ocr_line' id='line_1_38' title="bbox 0 0 1624 5076; baseline 0 0"><span class='ocrx_word' id='word_1_287' title='bbox 0 0 1624 5076; x_wconf 95' lang='lat' dir='ltr'> </span> 
     </span>
    </p>
   </div>
  </div>
 </body>
</html>
