3236 5076
294 603 355 670 qao
376 587 475 670 majus
495 587 618 668 cogitari
632 589 735 670 nequit
756 589 844 651 etium
866 609 959 670 quum
982 589 1076 652 scitur
1096 607 1162 651 esse
1184 605 1272 670 pesse
1295 590 1436 669 cogitari

295 702 455 760 nonesse.
500 698 551 760 Sic
573 699 664 778 igitur
686 707 716 761 et
746 699 954 780 proprium
988 707 1049 762 est
1080 699 1156 762 lieo
1191 717 1265 761 non
1301 719 1437 780 posse

293 808 467 888 cogitari
490 827 564 870 non
587 827 674 870 esse
696 817 726 871 et
749 817 845 870 tamen
869 809 987 871 multa
1010 828 1083 870 non
1107 819 1274 890 possunt
1296 827 1437 890 quam-

294 918 360 981 diu
393 927 486 980 sunt
517 918 688 998 eogitari
722 937 795 980 uon
829 935 927 980 esse.
985 919 1132 991 Quoniam
1167 937 1295 999 namque
1332 937 1437 980 omne

294 1027 424 1090 minus
456 1028 596 1090 bonum
629 1028 660 1089 in
693 1036 806 1090 tantum
840 1029 937 1090 simile
970 1035 1016 1090 est
1048 1027 1191 1108 majori
1224 1028 1351 1102 hono,
1399 1029 1435 1089 in

293 1147 438 1218 quantum
471 1145 517 1198 est
549 1137 712 1213 bonum,
757 1147 836 1218 patet
865 1137 986 1199 cuilibet
1014 1137 1150 1200 rationali
1173 1139 1264 1199 menti
1288 1138 1366 1218 quia
1393 1139 1436 1198 cle

294 1245 461 1308 minoribns
490 1245 576 1308 bonis
606 1247 642 1308 ad
672 1247 783 1328 majora
813 1247 889 1309 bona
920 1247 1147 1310 conscendendo
1177 1265 1211 1308 ex
1238 1248 1285 1308 lais
1307 1248 1434 1327 quibus

293 1355 406 1436 aliquid
429 1356 550 1436 cogitari
580 1364 678 1436 potest
707 1355 805 1436 majus
834 1357 960 1418 multum
990 1375 1150 1438 possumus
1172 1357 1319 1438 conjicere
1345 1357 1433 1418 illtnl

294 1483 354 1546 qno
376 1465 451 1526 nihil
475 1473 572 1546 potest
600 1466 722 1546 cogitari
746 1467 852 1548 majus.
899 1467 973 1539 Quis
1003 1467 1081 1528 enim
1104 1485 1131 1528 v.
1156 1485 1184 1546 g.
1208 1467 1253 1528 vel
1276 1468 1336 1527 hoc
1363 1483 1432 1526 uon

293 1583 400 1657 potest,
424 1575 540 1638 etiamsi
563 1593 630 1648 non,
645 1575 747 1638 credat
768 1576 806 1638 in
829 1593 868 1638 re
890 1595 978 1638 esse
1000 1577 1079 1656 quotl
1103 1575 1368 1666 cogitat,.sciliret
1393 1576 1430 1636 si

293 1687 434 1749 honum
466 1685 620 1766 aliquid
654 1695 713 1750 est
745 1687 847 1768 quod
880 1687 1043 1748 initium
1078 1693 1115 1748 et
1144 1685 1264 1748 linem
1297 1686 1431 1747 hebet

293 1797 417 1858 multo
440 1797 582 1859 melius
605 1817 691 1861 esse
715 1797 872 1874 bonum,
903 1798 983 1878 qued
1006 1797 1075 1858 licet
1097 1797 1268 1876 incipiat
1291 1815 1352 1857 non
1380 1805 1429 1857 ta-

293 1923 363 1968 men
386 1907 539 1968 desinit
560 1917 590 1970 et
611 1893 688 1970 sicut
709 1909 815 1970 istud
839 1908 911 1969 illo
934 1909 1077 1969 melius
1099 1917 1161 1983 est,
1186 1908 1224 1970 ita
1248 1907 1327 1968 isto
1351 1923 1428 1968 esse

293 2015 438 2076 melius
468 2015 588 2091 illud,
623 2017 724 2096 qnod
755 2035 824 2078 nec
853 2017 1013 2078 initium
1043 2035 1113 2078 uec
1135 2017 1253 2078 linem
1276 2013 1426 2077 habet‘l

294 2124 437 2204 Quisquis
459 2124 550 2203 igitur
572 2133 677 2205 negat,
712 2125 825 2204 aliquid
848 2144 914 2186 esse
943 2145 1003 2206 quc
1026 2127 1123 2206 majus
1145 2135 1273 2206 nequeat
1293 2124 1425 2204 cogitari

292 2235 396 2313 utique
418 2233 557 2312 inteiligit
579 2243 609 2296 et
630 2235 739 2314 cogitat
760 2234 1008 2314 negationem
1032 2253 1121 2315 quam
1146 2236 1224 2310 lacit,
1249 2253 1338 2314 quam
1365 2253 1424 2296 ne·

292 2343 440 2424 gationem
463 2343 629 2424 intelligere
651 2353 679 2406 et
702 2345 830 2425 cogitare
853 2353 1023 2425 nonpctest
1039 2346 1104 2406 sine
1127 2346 1309 2426 partibus
1331 2345 1421 2425 ejus;

291 2473 383 2534 pars
400 2461 497 2516 autem
518 2453 711 2535 ejosestquc
735 2454 860 2536 majus
882 2455 1051 2535 cogitari
1077 2475 1149 2516 nnn
1173 2462 1315 2536 petest.
1341 2455 1422 2527 Qui-

292 2582 410 2645 cunque
432 2565 523 2646 igitur
544 2566 601 2628 hoc
623 2574 721 2646 negat,
743 2565 883 2646 intelligit
905 2573 934 2627 et
956 2566 1074 2646 cogitat,
1099 2582 1159 2644 quo
1175 2564 1270 2645 majus
1293 2564 1421 2644 eogitari

291 2675 406 2756 nequit.
452 2677 552 2739 Palam
574 2685 673 2738 autem
698 2686 761 2751 est,
793 2677 861 2756 quia
892 2676 1030 2738 similiter
1051 2683 1149 2755 potest
1170 2675 1291 2754 cogitari
1314 2675 1421 2754 quod

292 2803 368 2846 nun
390 2794 522 2864 potest
546 2803 620 2845 nou
642 2803 747 2860 esse,
772 2787 897 2865 majus
921 2805 988 2846 vero
1011 2785 1120 2864 cogitat
1142 2785 1193 2864 qui
1216 2785 1273 2844 hoc
1294 2784 1417 2864 cogitat,

296 2913 384 2974 quam
407 2894 459 2972 qui
482 2894 590 2972 cogitat
621 2896 722 2972 quod
752 2895 882 2974 possit
910 2913 983 2954 non
1012 2913 1106 2956 esse.
1152 2895 1251 2966 Quum
1274 2913 1344 2974 ergo
1366 2913 1420 2955 co-

293 3005 413 3084 gitatur,
438 3023 497 3082 quc
520 3003 616 3083 majus
638 3021 698 3063 nun
721 3004 814 3084 possit
837 3003 976 3082 cogitari,
1001 3005 1026 3064 si
1050 3005 1195 3082 cogitatur
1217 3005 1297 3084 quutl
1320 3005 1419 3083 possit

292 3133 353 3176 non
384 3133 467 3189 esse,
502 3133 561 3174 non
592 3113 738 3194 cogitatur
766 3132 826 3193 quo
858 3131 917 3173 non
947 3114 1041 3192 possit
1068 3114 1191 3193 cogitari
1214 3114 1328 3193 majus3
1363 3115 1417 3174 sed

292 3225 396 3305 nequit
426 3225 504 3288 idem
534 3224 624 3286 simul
646 3224 768 3304 cogitari
792 3233 821 3286 et
850 3241 910 3284 nou
933 3223 1065 3303 cogitari.
1112 3223 1211 3294 Quare
1233 3223 1284 3302 qui
1307 3223 1417 3302 cogitat

292 3355 366 3415 qno
398 3335 525 3416 majus
558 3355 633 3397 non
675 3336 806 3416 possit
845 3333 1035 3414 cogitari,
1081 3351 1142 3393 non
1175 3333 1283 3412 cogitat
1315 3333 1416 3412 quod

228 3431 232 3440 ’
291 3446 440 3524 possit,
464 3446 517 3506 sed
540 3447 637 3524 quod
661 3463 735 3506 nun
758 3445 893 3524 possit
914 3463 987 3504 nnn
1010 3461 1107 3504 esse.
1145 3443 1332 3522 Quapropter
1352 3461 1417 3502 ne-

291 3571 403 3614 cesse
424 3562 486 3614 est
508 3573 589 3614 esse
612 3555 714 3633 qnod
737 3554 905 3632 cogitat,
931 3553 1000 3630 quie
1019 3553 1143 3632 quiquid
1161 3571 1219 3613 non
1237 3571 1303 3612 esse
1320 3558 1417 3630 petest

291 3679 351 3722 nun
375 3663 522 3741 estquod
545 3663 663 3741 cogitat.
700 3663 774 3722 Puto
796 3663 864 3740 quia
888 3663 1058 3736 monstravi,
1083 3681 1132 3722 me
1152 3681 1212 3722 non
1231 3662 1347 3722 intirma
1364 3661 1416 3722 secl

290 3771 364 3832 satis
387 3773 552 3832 necessaria
582 3771 838 3851 argumentatione
868 3769 1011 3849 probasse
1041 3771 1070 3830 in
1102 3773 1232 3850 praelato
1255 3771 1355 3832 libelle
1377 3790 1416 3831 re

292 3882 379 3962 ipsa
402 3881 602 3942 exsistere
623 3880 779 3960 aliquid
802 3897 876 3958 quo
898 3879 1024 3958 majus
1047 3881 1217 3959 cogitari
1242 3899 1315 3941 non
1338 3899 1416 3960 pos·

292 3991 347 4052 sit
379 4008 435 4052 nec
468 4011 547 4052 eam¹
566 3991 693 4072 alicujus
726 3989 902 4070 obJecticnis
931 3990 1075 4051 infirmari
1098 3991 1247 4052 firmitate.
1292 3991 1415 4051 Tantam

292 4101 372 4164 enim
394 4103 454 4163 vim
483 4102 573 4182 hujus
603 4101 786 4182 probationis
809 4101 840 4161 in
863 4119 895 4163 se
926 4101 1059 4163 continet
1081 4102 1271 4181 significatio,
1306 4109 1339 4160 ut
1360 4101 1416 4160 hoc

292 4213 391 4292 ipsum
414 4213 493 4293 qnod
523 4211 632 4274 dicitur
661 4231 696 4272 ex
726 4211 901 4273 necessitate
925 4229 960 4274 ec
983 4211 1049 4292 ipso
1072 4212 1151 4291 quod
1175 4209 1349 4290 intelligitur
1370 4208 1416 4269 vel

291 4320 439 4402 cogitatur
460 4329 488 4384 et
510 4341 544 4384 re
565 4339 633 4384 vera
656 4321 799 4402 probetur
821 4321 980 4398 exsistere,
1016 4329 1046 4384 et
1067 4322 1098 4383 id
1128 4321 1225 4400 ipsum
1248 4337 1314 4380 esse
1336 4317 1415 4398 quud
