3236 5076
609 407 1008 496 '--rs--

290 607 408 680 ultim,
441 607 494 668 sel
522 607 560 669 de
589 607 662 688 ipsis
690 609 783 670 stiam
810 609 920 670 animis
950 609 1063 672 numus
1088 609 1224 690 indimus
1249 610 1412 690 possimus,

290 735 383 798 quum
404 717 443 778 sle
464 716 527 796 ipss
561 725 658 778 lanua
689 736 778 780 nemu
804 717 920 798 judicet
941 727 971 780 et
999 713 1075 798 quia'
1089 719 1115 780 si
1139 719 1216 780 hano
1237 719 1414 800 sapientium

290 827 518 908 amplectamur,
553 846 703 890 summum
734 828 765 889 ia
788 827 837 890 ills
862 827 926 908 ipsa
955 837 985 890 et
1006 839 1161 892 aeternum
1191 829 1279 891 anobis
1301 829 1414 891 honum

291 937 477 1020 praebeatur.
523 937 582 1000 set
605 937 689 1000 nullo
712 938 801 1000 modo
830 938 907 1000 siem
930 938 980 1000 ille
1002 939 1133 1000 Euodius
1159 940 1322 1001 concedere
1344 957 1415 1020 pus-

291 1067 413 1124 uumus,
449 1049 506 1110 hoe
535 1055 712 1128 argumento
741 1065 839 1110 reram
870 1048 921 1110 [lei
952 1049 1152 1110 exsistentiam
1182 1049 1313 1131 probari.
1357 1049 1415 1110 lle·

291 1159 517 1220 monstrandum
539 1159 638 1238 potius
668 1159 790 1234 luisset,
825 1167 876 1220 aut
905 1177 971 1221 esse
993 1160 1122 1240 aliquam
1150 1167 1279 1222 ruentem
1304 1161 1414 1220 nostris

293 1267 442 1330 ruentibus
472 1267 561 1347 longe
589 1267 826 1330 excellentiorem
857 1277 889 1329 et
909 1267 1004 1348 ipsum
1028 1268 1108 1330 illius
1130 1270 1262 1332 ueritatis
1284 1269 1345 1332 sire
1367 1287 1414 1331 su-

292 1377 420 1458 pientiae
441 1377 664 1458 plenissimum,
688 1377 769 1458 quotl
792 1397 826 1439 ex
848 1379 1002 1458 Augustini
1026 1387 1203 1460 argumento
1224 1397 1413 1460 nequaquam

292 1487 443 1567 seqnitur,
477 1495 530 1548 aut
551 1486 633 1548 illam
656 1487 751 1568 ipsam
773 1487 926 1550 veritatem
950 1488 1045 1550 Deum
1072 1507 1104 1550 ue
1126 1507 1192 1552 vera
1215 1507 1299 1564 esse,
1333 1490 1414 1570 qnod

292 1617 347 1678 pra·
375 1597 621 1679 prosopopoeiam
652 1605 765 1660 uotum
796 1597 856 1658 diei
884 1605 999 1678 potest,
1036 1599 1117 1678 quod
1145 1608 1242 1661 umen
1264 1599 1416 1679 poetieam

292 1707 410 1772 iliosodi
451 1727 544 1788 genus
584 1707 738 1770 rationalis
777 1708 945 1787 argumenti
987 1708 1084 1770 lenum
1121 1708 1257 1770 ohtirreau
1290 1709 1416 1770 misitne

293 1826 401 1898 petest.
446 1817 510 1880 lmo
533 1836 601 1878 veru
630 1818 661 1878 in
685 1817 838 1898 Scriptura
861 1817 950 1879 Saura
980 1817 1009 1878 id
1033 1817 1112 1898 quorl
1143 1818 1207 1898 ipse
1229 1818 1416 1898 Augustinus

293 1926 458 1988 reotissime
480 1925 569 2000 dieit,
593 1927 675 1986 heus
696 1926 801 2001 Pater,
832 1927 977 2006 sapientia
1007 1937 1106 1988 autem
1127 1927 1222 2007 prima
1245 1934 1277 1989 et
1297 1942 1416 1990 summa

293 2037 359 2117 ejus
388 2043 521 2098 ereatura
552 2043 582 2096 et
610 2034 695 2114 qussi
718 2035 777 2096 Alia
808 2035 984 2115 appellatur.
1030 2037 1089 2099 Sed
1117 2038 1142 2098 si
1163 2038 1346 2118 Augustinus
1367 2057 1417 2100 sa·

293 2147 445 2226 pientiam,
470 2164 544 2224 quae
566 2143 603 2204 ab
626 2144 691 2223 ipso
713 2145 775 2206 Deo
797 2146 894 2224 genita
917 2146 1028 2208 sitlleo
1052 2165 1117 2208 esse
1138 2149 1291 2228 sequetem
1315 2157 1417 2210 osteu-

293 2255 363 2318 dere
386 2254 503 2328 studet,
538 2253 703 2315 rectissime
725 2254 845 2334 quidem
869 2256 942 2316 haee
964 2273 1013 2317 res
1035 2275 1067 2318 se
1090 2257 1178 2319 hahet
1198 2259 1225 2318 si
1248 2259 1416 2320 seeundum

295 2365 388 2444 ipsam
413 2362 582 2442 Scripturas
605 2363 712 2424 Sacrae
734 2363 912 2424 sententiam
936 2365 1108 2444 aecipimus,
1133 2367 1308 2446 sapientiam
1325 2367 1418 2429 illane

294 2473 489 2534 elatissimam
512 2473 597 2552 quasi
627 2481 657 2534 et
678 2473 923 2554 perfectissimam
947 2475 999 2536 uei
1029 2475 1189 2555 imaginem
1213 2495 1297 2553 esse3
1330 2477 1416 2538 nullu

293 2591 392 2646 aulem
415 2583 504 2644 ruodo
528 2583 597 2644 inde
620 2584 774 2663 sequitur,
810 2585 889 2664 qnod
912 2584 958 2646 vir
979 2584 1190 2646 oelehsrrimus
1213 2587 1416 2652 dernenstrare

293 2702 433 2768 sonetur,
469 2694 549 2774 quod
580 2693 643 2773 ipsa
673 2695 818 2774 sapientia
843 2695 923 2756 Deus
952 2695 992 2756 sit
1021 2713 1078 2756 nee
1106 2695 1143 2755 ab
1164 2695 1254 2756 insita
1276 2705 1306 2756 et
1328 2697 1416 2776 quasi

294 2803 464 2880 oonsiguuta
487 2803 518 2862 in
540 2803 649 2863 anisnis
671 2803 782 2862 nostris
803 2803 899 2881 ipsius
921 2804 1043 2864 notione
1063 2804 1189 2864 differat.
1237 2805 1299 2866 llue
1322 2821 1414 2868 unuin

293 2910 475 2988 Augustinus
498 2910 747 2970 demonstravisse
768 2910 857 2971 nobis
880 2913 1012 2986 videtur,
1047 2913 1073 2972 si
1097 2913 1189 2974 Deum
1218 2929 1284 2975 essu
1306 2931 1415 2994 eogno-

293 3020 432 3094 rerimns,
457 3019 487 3080 id
511 3019 590 3096 quorl
614 3019 673 3080 lide
695 3019 860 3080 Christiane
884 3028 1057 3082 constanter
1076 3023 1236 3083 tumendum
1259 3031 1316 3099 est,
1337 3025 1417 3085 aeti»,

293 3137 385 3192 tatem
416 3129 495 3190 illam
526 3137 677 3190 aeternam
706 3138 738 3190 et
764 3129 1038 3192 iueonrmutaliilem
1069 3132 1281 3212 mentibusque
1304 3133 1414 3194 nostris

294 3243 380 3321 louge
403 3239 589 3320 superiorem
612 3239 648 3300 ari
671 3239 752 3302 illius
775 3243 885 3302 sustani
907 3241 1041 3302 numinis
1065 3241 1208 3302 rationem
1232 3243 1390 3322 pertinere.
1414 3293 1418 3296 .

308 3407 309 3414 ,
378 3351 459 3412 Alter
498 3369 600 3413 serunt
643 3350 791 3425 trimme,
837 3351 888 3431 qni
929 3351 1148 3431 antiquissimis
1176 3351 1238 3432 jum
1272 3353 1416 3416 eudesius

295 3460 480 3522 Christianae
520 3460 706 3540 temporibus
744 3470 952 3539 argumentum
986 3462 1184 3540 omologicum
1218 3461 1249 3522 in
1282 3463 1414 3525 menium

294 3567 512 3646 proponebant.
528 3575 593 3630 erat
614 3569 779 3630 Anicius
800 3569 970 3630 Manlius
991 3570 1197 3648 Torquatus
1218 3572 1414 3634 severinus

296 3675 650 3739 Buttthiusllumanus
671 3677 722 3754 qui
741 3684 771 3736 et
787 3677 885 3754 gentis
905 3676 1060 3736 nobilitate
1075 3678 1340 3742 ethonestissimis
1362 3683 1415 3744 rei

195 3841 201 3853 .
294 3785 431 3866 publieae
453 3785 626 3848 muoenbus
648 3784 813 3864 perfunctis
829 3794 866 3845 et
888 3784 1094 3864 philosophiae
1116 3788 1293 3850 eneolerrdae
1315 3791 1414 3851 saneto

296 3894 420 3963 murium
450 3893 577 3972 insignis
606 3893 732 3960 violenta
761 3901 857 3956 morte
880 3893 1065 3956 T-lremloriou
1088 3906 1228 3978 regnante
1248 3917 1329 3959 annu
1350 3896 1414 3962 eet

295 4005 409 4084 pnth
428 4003 550 4066 susem
577 4010 645 4070 est,
679 4004 708 4066 ls
731 4003 762 4066 iu
785 4003 922 4082 opusoett
947 4005 1029 4084 qued
1055 4005 1105 4068 De
1130 4008 1414 4070 consolatione

296 4112 580 4233 philosophiae
605 4107 807 4177 insurihitur⁹
811 4119 825 4190 )
849 4113 925 4176 lihro
955 4115 995 4176 lll
1016 4117 1112 4195 eapite
1141 4117 1348 4179 Xsuetione
1378 4126 1414 4179 et

323 4255 403 4327 9)
409 4265 442 4313 el.
453 4252 640 4314 Boethius.
670 4261 708 4312 De
730 4231 905 4317 eonsola‘tione'
927 4265 1106 4334 philosophiae
1145 4263 1323 4317 Auristelodanr
1346 4267 1413 4320 tutu

297 4347 483 4413 Suipsitlsune
500 4347 633 4398 libroruin
652 4360 755 4398 eumn-e
774 4350 813 4399 oui
826 4353 939 4402 tantitas
958 4358 1021 4401 erat
