3236 5076
613 469 936 542 „35ss

211 656 355 718 cisetiam
369 655 528 736 objectiae3
552 672 621 716 nam
639 654 912 734 quemadmodum
931 655 988 716 iste
1010 655 1145 716 modus
1168 655 1330 716 essendi

210 765 436 845 objectivus
468 764 610 845 competit
639 764 743 826 ideis
773 783 807 826 ex
838 765 972 844 ipsarum
1001 769 1106 826 natura
1129 763 1168 826 itu
1196 765 1331 826 modus

210 875 371 938 essendi
394 875 572 936 formalis
594 874 737 954 competit
758 874 935 935 idearum
958 874 1079 934 causis
1102 874 1205 936 saltem
1225 873 1330 954 primis

210 993 240 1046 et
262 983 429 1064 praecipuis
452 1005 487 1046 ex
509 1003 611 1045 earum
635 993 751 1058 natura,
776 991 806 1044 et
827 983 962 1062 quamvis
984 984 1059 1044 sorte
1081 1001 1154 1045 una
1178 984 1265 1046 idea
1288 1003 1331 1046 ex

211 1095 475 1174 alianascipossit‚
500 1102 671 1155 nontamen
690 1093 739 1154 bic
754 1095 841 1155 datur
862 1111 1103 1174 progressus
1125 1093 1163 1153 in
1186 1093 1332 1156 inlini·

210 1211 305 1279 tum,
330 1205 380 1266 sed
399 1205 515 1266 nudem
531 1205 573 1265 ad
592 1204 766 1284 aliquam
787 1204 951 1283 primam
975 1203 1062 1266 debet
1080 1191 1221 1278 devenio,
1245 1203 1331 1284 cujus

209 1328 323 1375 causa
346 1314 385 1376 sit
407 1314 502 1375 instar
522 1314 748 1394 archetypi,
772 1313 803 1374 in
827 1332 886 1394 quo
909 1313 1037 1374 omnis
1059 1313 1228 1376 realitas
1251 1315 1332 1378 lor-

208 1425 367 1486 maliter
388 1401 594 1498 contineatur,
629 1443 705 1503 quae
735 1424 834 1485 estin
865 1423 952 1484 idea
982 1430 1097 1484 mutum
1120 1423 1329 1504 objectiva.

208 1535 266 1598 Sed
289 1536 361 1616 quid
383 1537 504 1596 tandem
527 1555 562 1596 ex
584 1535 631 1594 his
654 1533 851 1596 concludam?
890 1534 1004 1612 Nempe
1026 1534 1051 1594 si
1074 1533 1243 1596 realitas
1265 1535 1332 1594 ob-

205 1645 358 1726 jectiva
391 1643 519 1722 alicujus
551 1661 587 1703 ex
620 1643 694 1704 meis
727 1643 803 1703 ideis
836 1642 876 1702 sit
908 1649 1035 1716 tanta,
1078 1651 1112 1702 ut
1143 1635 1241 1704 certu's
1274 1643 1331 1704 sim

208 1754 368 1814 eandem
398 1771 467 1813 nec
496 1751 723 1812 formaliter
751 1769 821 1812 nec
850 1749 1073 1812 eminenter
1101 1749 1140 1810 in
1167 1770 1223 1813 me
1245 1766 1332 1812 esse

209 1879 266 1922 nec
289 1861 413 1940 proinde
435 1879 482 1921 me
505 1860 603 1939 ipsum
626 1859 691 1939 ejus
713 1861 797 1921 ideae
819 1879 938 1922 causam
961 1879 1027 1928 esse
1049 1877 1155 1940 posse,
1187 1860 1258 1922 hinc
1280 1874 1332 1921 ne-

209 1970 340 2031 cessario
362 1969 443 2050 sequi
467 1988 542 2030 non
565 1988 619 2031 me
641 1969 765 2032 solum
789 1989 876 2032 esse
898 1970 936 2030 in
959 1969 1116 2045 mundo,
1163 1970 1230 2032 sed
1252 1969 1329 2030 ali-

209 2099 321 2160 quam
342 2080 458 2142 aliam
481 2097 558 2141 rem
580 2099 676 2159 qnae
699 2080 825 2142 istius
855 2081 967 2142 ideae
988 2099 1105 2142 causa
1129 2089 1189 2142 est
1211 2081 1330 2142 etiarn

207 2189 414 2251 exsistere.
460 2190 561 2270 ltaque
594 2191 656 2252 sola
690 2199 783 2252 restat
815 2191 901 2260 idea
924 2190 1010 2266 Dei,
1045 2191 1076 2252 in
1106 2209 1164 2270 qua
1194 2189 1331 2252 conoide·

206 2301 334 2365 randum
357 2308 403 2361 est
424 2319 461 2362 an
486 2300 598 2380 aliquid
617 2301 666 2374 sit,
691 2301 799 2380 quoda
817 2319 864 2363 me
879 2301 1016 2380 ipsonon
1029 2300 1328 2382 potueritproliclsci.

206 2411 273 2471 liei
296 2411 417 2472 nomine
438 2411 572 2489 intelligo
595 2410 864 2472 substantiam
887 2411 1079 2488 quandam
1102 2410 1328 2484 infinitam,

207 2519 467 2597 independentem,
492 2538 608 2581 summe
631 2519 855 2597 intelligentem,
880 2526 1159 2598 summepotentem
1182 2527 1211 2580 et
1233 2537 1249 2579 a
1271 2539 1330 2598 qua

208 2635 270 2688 tum
293 2645 347 2706 ego
369 2628 444 2705 ipse,
469 2635 533 2687 tum
556 2627 637 2688 aliud
654 2644 749 2699 „omne
771 2626 797 2686 si
820 2625 892 2703 quid
915 2625 995 2687 aliud
1018 2634 1111 2686 exstat
1127 2627 1331 2706 quodcunque

209 2745 303 2798 exstat
331 2737 370 2797 sit
399 2744 540 2796 creatum.
587 2735 669 2807 Quae
699 2753 771 2796 sane
793 2735 891 2797 omnia
915 2735 983 2796 talia
1006 2743 1094 2810 sunt,
1126 2743 1159 2797 ut
1180 2753 1241 2814 quo
1264 2736 1331 2798 dili-

207 2847 326 2926 geutius
337 2847 457 2908 attendo
470 2853 550 2907 tauto
562 2846 689 2908 minus‘a
702 2865 749 2907 me
760 2845 824 2907 solo
836 2847 966 2926 prolecta
978 2864 1044 2907 esse
1060 2864 1148 2926 posse
1163 2845 1328 2906 videantur.

206 2957 336 3036 Ideoque
366 2977 402 3019 ex
430 2955 675 3018 antecedentibus
698 2955 844 3018 concludo
867 2955 983 3019 Deum
1013 2955 1245 3018 necessario
1268 2975 1331 3018 en-

206 3068 365 3129 sistere.
411 3067 472 3128 Neo
500 3066 594 3128 debeo
625 3074 746 3146 putare,
783 3085 917 3128 menon
945 3067 1097 3146 percipere
1127 3066 1329 3128 inlinitum

205 3195 261 3255 per
281 3195 407 3238 veram
429 3177 555 3238 ideam
579 3177 631 3236 sed
653 3183 770 3236 tantum
792 3195 847 3254 per
868 3177 1117 3254 negationem
1141 3175 1272 3249 liniti,
1296 3183 1331 3236 ut

206 3285 338 3364 percipio
357 3286 486 3364 quietem
506 3293 535 3345 et
554 3285 691 3346 tenebras
709 3303 763 3363 per
782 3285 967 3362 negationem
984 3293 1082 3346 nactus
1101 3293 1130 3344 et
1146 3285 1234 3358 lucis,
1260 3303 1328 3347 narn

207 3393 621 3472 contramanilesteiutelligo
643 3394 733 3473 plus
755 3393 961 3454 realitatis
983 3413 1048 3455 esse
1067 3394 1097 3454 in
1121 3393 1328 3456 substantia

207 3503 391 3577 infinita,
417 3521 504 3582 quam
528 3503 665 3577 linita,
690 3521 724 3564 ac
746 3501 872 3582 proinde
894 3503 1066 3590 priorem
1089 3503 1217 3582 quodam
1241 3505 1329 3566 modo

207 3614 239 3674 in
262 3631 309 3674 me
332 3631 397 3673 esse
426 3613 726 3692 perceptionem
757 3613 917 3674 infiniti
948 3631 1036 3692 quam
1065 3613 1179 3674 liniti
1205 3614 1263 3676 hoc
1285 3623 1330 3678 est

208 3723 274 3784 nei
308 3741 396 3800 quam
430 3723 501 3784 mei
533 3723 677 3804 ipsius,
722 3724 783 3784 Nec
806 3723 862 3784 dici
886 3731 1000 3803 potest,
1036 3723 1113 3784 hanc
1135 3725 1211 3786 lorte
1233 3725 1328 3786 ideam

206 3833 260 3894 llei
282 3831 552 3894 materialiter
578 3833 717 3895 salsam
747 3851 813 3896 csse
837 3833 962 3912 ideoque
985 3854 999 3894 a
1023 3834 1117 3895 nihilo
1140 3854 1206 3896 esse
1227 3853 1326 3914 posse,

206 3951 240 4004 ut
261 3942 361 4022 paullo
384 3952 452 4004 ante
485 3943 528 4002 de
561 3943 661 4006 ideis
694 3945 859 4022 frigoris
893 3951 922 4006 et
954 3943 1105 4006 caloris
1134 3953 1164 4005 et
1186 3945 1327 4007 similium

205 4051 417 4126 animadverti3
443 4070 509 4114 nam
529 4059 629 4114 contra
645 4068 738 4130 quum
761 4053 923 4114 maxime
945 4053 1050 4114 clara
1073 4061 1111 4114 et
1133 4052 1328 4115 distincta

206 4162 246 4222 sit
267 4171 295 4223 et
318 4163 408 4242 plus
430 4161 639 4223 realitatis
662 4162 887 4243 objectivac
910 4183 999 4242 quam
1016 4163 1146 4230 ullaalia
1167 4165 1326 4238 contineat,

206 4271 287 4332 nulla
321 4280 366 4334 est
398 4291 452 4352 per
484 4291 517 4334 se
549 4272 671 4352 magis
704 4291 792 4334 vera
826 4291 881 4334 nec
913 4273 944 4334 in
975 4293 1033 4352 qua
1062 4274 1161 4336 minor
1193 4274 1327 4336 falsitatis

207 4381 338 4462 suspicio
368 4382 544 4464 reperiatur.
597 4383 668 4459 Est,
703 4383 842 4463 inquam,
884 4383 959 4446 haec
994 4384 1059 4446 idea
1098 4385 1176 4445 entis
1213 4401 1327 4444 summe

1125 4483 1158 4534 3*
