<?xml version="1.0" encoding="UTF-8"?>
<!DOCTYPE html PUBLIC "-//W3C//DTD XHTML 1.0 Transitional//EN"
    "http://www.w3.org/TR/xhtml1/DTD/xhtml1-transitional.dtd">
<html xmlns="http://www.w3.org/1999/xhtml" xml:lang="en" lang="en">
 <head>
  <title>
</title>
<meta http-equiv="Content-Type" content="text/html;charset=utf-8" />
  <meta name='ocr-system' content='tesseract 3.04.00' />
  <meta name='ocr-capabilities' content='ocr_page ocr_carea ocr_par ocr_line ocrx_word'/>
</head>
<body>
  <div class='ocr_page' id='page_1' title='image "./deontologicopro00waltgoog_0118.png"; bbox 0 0 3260 5058; ppageno 0'>
   <div class='ocr_carea' id='block_1_1' title="bbox 613 449 963 520">
    <p class='ocr_par' dir='ltr' id='par_1_1' title="bbox 613 449 963 520">
     <span class='ocr_line' id='line_1_1' title="bbox 613 449 963 520; baseline 0.011 -3"><span class='ocrx_word' id='word_1_1' title='bbox 613 449 963 520; x_wconf 51' lang='lat' dir='ltr'><strong>—tutm</strong></span> 
     </span>
    </p>
   </div>
   <div class='ocr_carea' id='block_1_2' title="bbox 165 631 1397 3466">
    <p class='ocr_par' dir='ltr' id='par_1_2' title="bbox 220 631 1347 2807">
     <span class='ocr_line' id='line_1_2' title="bbox 221 631 1345 718; baseline -0.004 -19"><span class='ocrx_word' id='word_1_2' title='bbox 221 636 313 718; x_wconf 88' lang='lat' dir='ltr'><strong>quid</strong></span> <span class='ocrx_word' id='word_1_3' title='bbox 336 631 529 698; x_wconf 75' lang='lat' dir='ltr'><strong>estesse?</strong></span> <span class='ocrx_word' id='word_1_4' title='bbox 562 635 635 694; x_wconf 90' lang='lat' dir='ltr'><strong>baec</strong></span> <span class='ocrx_word' id='word_1_5' title='bbox 657 632 801 713; x_wconf 76' lang='lat' dir='ltr'>qualitas,</span> <span class='ocrx_word' id='word_1_6' title='bbox 826 631 979 708; x_wconf 85' lang='lat' dir='ltr'><strong>definitio,</strong></span> <span class='ocrx_word' id='word_1_7' title='bbox 1004 631 1162 695; x_wconf 80' lang='lat' dir='ltr'><strong>hierenus</strong></span> <span class='ocrx_word' id='word_1_8' title='bbox 1185 631 1345 696; x_wconf 85' lang='lat' dir='ltr'><strong>exsistendi</strong></span> 
     </span>
     <span class='ocr_line' id='line_1_3' title="bbox 220 742 1347 824; baseline -0.004 -15"><span class='ocrx_word' id='word_1_9' title='bbox 220 749 338 810; x_wconf 90' lang='lat' dir='ltr'><strong>modus.</strong></span> <span class='ocrx_word' id='word_1_10' title='bbox 383 745 480 806; x_wconf 80' lang='lat' dir='ltr'><strong>Esse</strong></span> <span class='ocrx_word' id='word_1_11' title='bbox 510 743 552 804; x_wconf 88' lang='lat' dir='ltr'><strong>nit</strong></span> <span class='ocrx_word' id='word_1_12' title='bbox 575 743 703 824; x_wconf 84' lang='lat' dir='ltr'><strong>amplius</strong></span> <span class='ocrx_word' id='word_1_13' title='bbox 726 749 883 823; x_wconf 89' lang='lat' dir='ltr'><strong>estquam</strong></span> <span class='ocrx_word' id='word_1_14' title='bbox 917 742 1149 818; x_wconf 80' lang='lat' dir='ltr'><strong>ineffabile,</strong></span> <span class='ocrx_word' id='word_1_15' title='bbox 1185 761 1347 824; x_wconf 91' lang='lat' dir='ltr'><strong>percep-</strong></span> 
     </span>
     <span class='ocr_line' id='line_1_4' title="bbox 220 853 1347 934; baseline -0.006 -13"><span class='ocrx_word' id='word_1_16' title='bbox 220 859 333 921; x_wconf 82' lang='lat' dir='ltr'><strong>tione</strong></span> <span class='ocrx_word' id='word_1_17' title='bbox 362 873 521 928; x_wconf 82' lang='lat' dir='ltr'><strong>carens‚</strong></span> <span class='ocrx_word' id='word_1_18' title='bbox 556 853 669 914; x_wconf 90' lang='lat' dir='ltr'><strong>notio</strong></span> <span class='ocrx_word' id='word_1_19' title='bbox 699 871 759 914; x_wconf 93' lang='lat' dir='ltr'><strong>non</strong></span> <span class='ocrx_word' id='word_1_20' title='bbox 789 853 838 913; x_wconf 87' lang='lat' dir='ltr'><strong>itta</strong></span> <span class='ocrx_word' id='word_1_21' title='bbox 868 858 1057 914; x_wconf 85' lang='lat' dir='ltr'><strong>concreta</strong></span> <span class='ocrx_word' id='word_1_22' title='bbox 1087 871 1164 932; x_wconf 86' lang='lat' dir='ltr'><strong>quae</strong></span> <span class='ocrx_word' id='word_1_23' title='bbox 1194 853 1257 932; x_wconf 87' lang='lat' dir='ltr'><strong>ipsa</strong></span> <span class='ocrx_word' id='word_1_24' title='bbox 1280 871 1347 934; x_wconf 83' lang='lat' dir='ltr'><strong>per·</strong></span> 
     </span>
     <span class='ocr_line' id='line_1_5' title="bbox 223 963 1346 1048; baseline -0.003 -19"><span class='ocrx_word' id='word_1_25' title='bbox 223 967 320 1048; x_wconf 86' lang='lat' dir='ltr'><strong>ceptio</strong></span> <span class='ocrx_word' id='word_1_26' title='bbox 342 974 406 1040; x_wconf 86' lang='lat' dir='ltr'><strong>est,</strong></span> <span class='ocrx_word' id='word_1_27' title='bbox 441 965 491 1026; x_wconf 90' lang='lat' dir='ltr'><strong>sed</strong></span> <span class='ocrx_word' id='word_1_28' title='bbox 516 964 601 1026; x_wconf 89' lang='lat' dir='ltr'><strong>sola</strong></span> <span class='ocrx_word' id='word_1_29' title='bbox 626 967 756 1026; x_wconf 90' lang='lat' dir='ltr'><strong>mente</strong></span> <span class='ocrx_word' id='word_1_30' title='bbox 782 963 1061 1044; x_wconf 85' lang='lat' dir='ltr'><strong>percipienda,</strong></span> <span class='ocrx_word' id='word_1_31' title='bbox 1082 983 1154 1043; x_wconf 91' lang='lat' dir='ltr'><strong>·qua</strong></span> <span class='ocrx_word' id='word_1_32' title='bbox 1177 981 1226 1025; x_wconf 86' lang='lat' dir='ltr'><strong>res</strong></span> <span class='ocrx_word' id='word_1_33' title='bbox 1248 965 1346 1043; x_wconf 87' lang='lat' dir='ltr'><strong>atique</strong></span> 
     </span>
     <span class='ocr_line' id='line_1_6' title="bbox 224 1072 1347 1154; baseline -0.004 -14"><span class='ocrx_word' id='word_1_34' title='bbox 224 1077 261 1140; x_wconf 85' lang='lat' dir='ltr'><strong>ad</strong></span> <span class='ocrx_word' id='word_1_35' title='bbox 296 1095 328 1136; x_wconf 91' lang='grc' dir='ltr'><strong>εε</strong></span> <span class='ocrx_word' id='word_1_36' title='bbox 361 1075 454 1154; x_wconf 87' lang='lat' dir='ltr'><strong>ipsem</strong></span> <span class='ocrx_word' id='word_1_37' title='bbox 487 1075 624 1135; x_wconf 82' lang='lat' dir='ltr'><strong>retertur.</strong></span> <span class='ocrx_word' id='word_1_38' title='bbox 670 1073 745 1134; x_wconf 80' lang='lat' dir='ltr'><strong>Esse</strong></span> <span class='ocrx_word' id='word_1_39' title='bbox 778 1072 807 1134; x_wconf 94' lang='lat' dir='ltr'><strong>id</strong></span> <span class='ocrx_word' id='word_1_40' title='bbox 838 1073 919 1152; x_wconf 88' lang='lat' dir='ltr'><strong>quod</strong></span> <span class='ocrx_word' id='word_1_41' title='bbox 949 1073 1129 1134; x_wconf 78' lang='lat' dir='ltr'><strong>mediatione</strong></span> <span class='ocrx_word' id='word_1_42' title='bbox 1153 1091 1212 1135; x_wconf 93' lang='lat' dir='ltr'><strong>non</strong></span> <span class='ocrx_word' id='word_1_43' title='bbox 1234 1073 1347 1154; x_wconf 76' lang='lat' dir='ltr'><strong>indiget</strong></span> 
     </span>
     <span class='ocr_line' id='line_1_7' title="bbox 226 1155 1347 1265; baseline -0.003 -17"><span class='ocrx_word' id='word_1_44' title='bbox 226 1186 284 1248; x_wconf 85' lang='lat' dir='ltr'><strong>diei</strong></span> <span class='ocrx_word' id='word_1_45' title='bbox 307 1190 414 1265; x_wconf 87' lang='lat' dir='ltr'><strong>potest.</strong></span> <span class='ocrx_word' id='word_1_46' title='bbox 450 1155 552 1244; x_wconf 55' lang='lat' dir='ltr'><strong>&#39;Esse</strong></span> <span class='ocrx_word' id='word_1_47' title='bbox 585 1189 633 1244; x_wconf 88' lang='lat' dir='ltr'><strong>est</strong></span> <span class='ocrx_word' id='word_1_48' title='bbox 665 1183 769 1261; x_wconf 87' lang='lat' dir='ltr'><strong>utique</strong></span> <span class='ocrx_word' id='word_1_49' title='bbox 802 1182 1072 1244; x_wconf 88' lang='lat' dir='ltr'><strong>immediatum</strong></span> <span class='ocrx_word' id='word_1_50' title='bbox 1105 1189 1137 1244; x_wconf 89' lang='lat' dir='ltr'><strong>et</strong></span> <span class='ocrx_word' id='word_1_51' title='bbox 1167 1183 1230 1244; x_wconf 85' lang='lat' dir='ltr'><strong>rice</strong></span> <span class='ocrx_word' id='word_1_52' title='bbox 1263 1201 1347 1245; x_wconf 86' lang='lat' dir='ltr'><strong>versa</strong></span> 
     </span>
     <span class='ocr_line' id='line_1_8' title="bbox 226 1291 1346 1372; baseline -0.002 -16"><span class='ocrx_word' id='word_1_53' title='bbox 226 1295 428 1357; x_wconf 86' lang='lat' dir='ltr'><strong>immediatum</strong></span> <span class='ocrx_word' id='word_1_54' title='bbox 452 1300 603 1368; x_wconf 84' lang='lat' dir='ltr'><strong>estesse,</strong></span> <span class='ocrx_word' id='word_1_55' title='bbox 635 1293 713 1372; x_wconf 91' lang='lat' dir='ltr'><strong>quod</strong></span> <span class='ocrx_word' id='word_1_56' title='bbox 738 1309 797 1352; x_wconf 92' lang='lat' dir='ltr'><strong>nou</strong></span> <span class='ocrx_word' id='word_1_57' title='bbox 819 1291 877 1352; x_wconf 89' lang='lat' dir='ltr'><strong>nisi</strong></span> <span class='ocrx_word' id='word_1_58' title='bbox 899 1291 937 1353; x_wconf 89' lang='lat' dir='ltr'><strong>ad</strong></span> <span class='ocrx_word' id='word_1_59' title='bbox 959 1310 992 1352; x_wconf 91' lang='lat' dir='ltr'><strong>se</strong></span> <span class='ocrx_word' id='word_1_60' title='bbox 1016 1292 1113 1371; x_wconf 87' lang='lat' dir='ltr'><strong>ipsum</strong></span> <span class='ocrx_word' id='word_1_61' title='bbox 1137 1294 1281 1368; x_wconf 83' lang='lat' dir='ltr'><strong>retertur,</strong></span> <span class='ocrx_word' id='word_1_62' title='bbox 1306 1294 1346 1356; x_wconf 88' lang='lat' dir='ltr'><strong>ita</strong></span> 
     </span>
     <span class='ocr_line' id='line_1_9' title="bbox 224 1401 1347 1483; baseline -0.003 -15"><span class='ocrx_word' id='word_1_63' title='bbox 224 1413 258 1468; x_wconf 87' lang='lat' dir='ltr'><strong>ut</strong></span> <span class='ocrx_word' id='word_1_64' title='bbox 277 1405 417 1467; x_wconf 78' lang='lat' dir='ltr'><strong>mediatio</strong></span> <span class='ocrx_word' id='word_1_65' title='bbox 447 1409 553 1483; x_wconf 79' lang='lat' dir='ltr'><strong>negata</strong></span> <span class='ocrx_word' id='word_1_66' title='bbox 584 1403 634 1464; x_wconf 89' lang='lat' dir='ltr'><strong>sit.</strong></span> <span class='ocrx_word' id='word_1_67' title='bbox 680 1401 763 1473; x_wconf 85' lang='lat' dir='ltr'><strong>Quae</strong></span> <span class='ocrx_word' id='word_1_68' title='bbox 792 1402 912 1481; x_wconf 89' lang='lat' dir='ltr'><strong>quidem</strong></span> <span class='ocrx_word' id='word_1_69' title='bbox 942 1401 1076 1464; x_wconf 82' lang='lat' dir='ltr'><strong>definitio</strong></span> <span class='ocrx_word' id='word_1_70' title='bbox 1106 1421 1213 1483; x_wconf 85' lang='lat' dir='ltr'><strong>nempe</strong></span> <span class='ocrx_word' id='word_1_71' title='bbox 1243 1404 1347 1465; x_wconf 88' lang='lat' dir='ltr'><strong>relatio</strong></span> 
     </span>
     <span class='ocr_line' id='line_1_10' title="bbox 221 1512 1347 1596; baseline -0.001 -18"><span class='ocrx_word' id='word_1_72' title='bbox 221 1517 312 1578; x_wconf 79' lang='lat' dir='ltr'><strong>adse</strong></span> <span class='ocrx_word' id='word_1_73' title='bbox 339 1517 439 1596; x_wconf 91' lang='lat' dir='ltr'><strong>ipsum</strong></span> <span class='ocrx_word' id='word_1_74' title='bbox 470 1514 531 1575; x_wconf 82' lang='lat' dir='ltr'><strong>stre</strong></span> <span class='ocrx_word' id='word_1_75' title='bbox 564 1513 693 1574; x_wconf 86' lang='lat' dir='ltr'><strong>essentia</strong></span> <span class='ocrx_word' id='word_1_76' title='bbox 723 1512 890 1573; x_wconf 84' lang='lat' dir='ltr'><strong>immediate</strong></span> <span class='ocrx_word' id='word_1_77' title='bbox 920 1513 1078 1573; x_wconf 78' lang='lat' dir='ltr'><strong>confestim</strong></span> <span class='ocrx_word' id='word_1_78' title='bbox 1108 1531 1163 1594; x_wconf 86' lang='lat' dir='ltr'><strong>per</strong></span> <span class='ocrx_word' id='word_1_79' title='bbox 1190 1533 1223 1575; x_wconf 90' lang='lat' dir='ltr'><strong>se</strong></span> <span class='ocrx_word' id='word_1_80' title='bbox 1251 1513 1347 1594; x_wconf 83' lang='lat' dir='ltr'><strong>ipsam</strong></span> 
     </span>
     <span class='ocr_line' id='line_1_11' title="bbox 221 1621 1347 1708; baseline -0.002 -21"><span class='ocrx_word' id='word_1_81' title='bbox 221 1625 405 1708; x_wconf 82' lang='lat' dir='ltr'><strong>perceptioni</strong></span> <span class='ocrx_word' id='word_1_82' title='bbox 427 1623 459 1684; x_wconf 90' lang='lat' dir='ltr'><strong>in</strong></span> <span class='ocrx_word' id='word_1_83' title='bbox 481 1624 672 1698; x_wconf 88' lang='lat' dir='ltr'><strong>universum,</strong></span> <span class='ocrx_word' id='word_1_84' title='bbox 703 1621 888 1702; x_wconf 81' lang='lat' dir='ltr'><strong>perceptioni</strong></span> <span class='ocrx_word' id='word_1_85' title='bbox 910 1621 963 1682; x_wconf 80' lang='lat' dir='ltr'><strong>[tei</strong></span> <span class='ocrx_word' id='word_1_86' title='bbox 992 1621 1089 1698; x_wconf 83' lang='lat' dir='ltr'><strong>inest,</strong></span> <span class='ocrx_word' id='word_1_87' title='bbox 1124 1623 1164 1683; x_wconf 87' lang='lat' dir='ltr'><strong>ite</strong></span> <span class='ocrx_word' id='word_1_88' title='bbox 1194 1631 1227 1684; x_wconf 89' lang='lat' dir='ltr'><strong>ut</strong></span> <span class='ocrx_word' id='word_1_89' title='bbox 1254 1624 1292 1684; x_wconf 82' lang='lat' dir='ltr'><strong>ad</strong></span> <span class='ocrx_word' id='word_1_90' title='bbox 1314 1641 1347 1686; x_wconf 88' lang='lat' dir='ltr'><strong>se</strong></span> 
     </span>
     <span class='ocr_line' id='line_1_12' title="bbox 223 1731 1347 1815; baseline 0.001 -20"><span class='ocrx_word' id='word_1_91' title='bbox 223 1737 320 1815; x_wconf 90' lang='lat' dir='ltr'><strong>ipsum</strong></span> <span class='ocrx_word' id='word_1_92' title='bbox 334 1736 489 1796; x_wconf 81' lang='lat' dir='ltr'><strong>reseratur.</strong></span> <span class='ocrx_word' id='word_1_93' title='bbox 524 1733 678 1813; x_wconf 89' lang='lat' dir='ltr'><strong>Perceptio</strong></span> <span class='ocrx_word' id='word_1_94' title='bbox 701 1733 758 1793; x_wconf 92' lang='lat' dir='ltr'><strong>boc</strong></span> <span class='ocrx_word' id='word_1_95' title='bbox 778 1733 875 1793; x_wconf 84' lang='lat' dir='ltr'><strong>vivum</strong></span> <span class='ocrx_word' id='word_1_96' title='bbox 899 1731 1047 1812; x_wconf 86' lang='lat' dir='ltr'><strong>estquod</strong></span> <span class='ocrx_word' id='word_1_97' title='bbox 1069 1749 1102 1793; x_wconf 92' lang='lat' dir='ltr'><strong>se</strong></span> <span class='ocrx_word' id='word_1_98' title='bbox 1124 1731 1221 1812; x_wconf 91' lang='lat' dir='ltr'><strong>ipsum</strong></span> <span class='ocrx_word' id='word_1_99' title='bbox 1244 1751 1347 1796; x_wconf 90' lang='lat' dir='ltr'><strong>secum</strong></span> 
     </span>
     <span class='ocr_line' id='line_1_13' title="bbox 225 1841 1347 1924; baseline 0.002 -20"><span class='ocrx_word' id='word_1_100' title='bbox 225 1843 378 1919; x_wconf 77' lang='lat' dir='ltr'><strong>conciliat,</strong></span> <span class='ocrx_word' id='word_1_101' title='bbox 413 1863 473 1904; x_wconf 90' lang='lat' dir='ltr'><strong>una</strong></span> <span class='ocrx_word' id='word_1_102' title='bbox 502 1861 538 1905; x_wconf 85' lang='lat' dir='ltr'><strong>ex</strong></span> <span class='ocrx_word' id='word_1_103' title='bbox 567 1844 633 1924; x_wconf 87' lang='lat' dir='ltr'><strong>ejus</strong></span> <span class='ocrx_word' id='word_1_104' title='bbox 664 1841 888 1904; x_wconf 84' lang='lat' dir='ltr'><strong>definitionibus</strong></span> <span class='ocrx_word' id='word_1_105' title='bbox 910 1841 1001 1904; x_wconf 80' lang='lat' dir='ltr'><strong>etiem</strong></span> <span class='ocrx_word' id='word_1_106' title='bbox 1027 1851 1171 1904; x_wconf 88' lang='lat' dir='ltr'><strong>esseest.</strong></span> <span class='ocrx_word' id='word_1_107' title='bbox 1217 1843 1347 1906; x_wconf 84' lang='lat' dir='ltr'><strong>Eatenus</strong></span> 
     </span>
     <span class='ocr_line' id='line_1_14' title="bbox 226 1952 1346 2033; baseline 0.002 -20"><span class='ocrx_word' id='word_1_108' title='bbox 226 1969 291 2013; x_wconf 88' lang='lat' dir='ltr'><strong>esse</strong></span> <span class='ocrx_word' id='word_1_109' title='bbox 313 1971 329 2014; x_wconf 95' lang='lat' dir='ltr'><strong>a</strong></span> <span class='ocrx_word' id='word_1_110' title='bbox 352 1953 539 2033; x_wconf 80' lang='lat' dir='ltr'><strong>perceptione</strong></span> <span class='ocrx_word' id='word_1_111' title='bbox 552 1953 659 2028; x_wconf 79' lang='lat' dir='ltr'><strong>differt,</strong></span> <span class='ocrx_word' id='word_1_112' title='bbox 684 1953 753 2032; x_wconf 89' lang='lat' dir='ltr'><strong>quia</strong></span> <span class='ocrx_word' id='word_1_113' title='bbox 776 1971 842 2013; x_wconf 86' lang='lat' dir='ltr'><strong>esse</strong></span> <span class='ocrx_word' id='word_1_114' title='bbox 864 1969 924 2012; x_wconf 93' lang='lat' dir='ltr'><strong>non</strong></span> <span class='ocrx_word' id='word_1_115' title='bbox 946 1959 1007 2013; x_wconf 90' lang='lat' dir='ltr'><strong>tota</strong></span> <span class='ocrx_word' id='word_1_116' title='bbox 1030 1952 1183 2032; x_wconf 88' lang='lat' dir='ltr'><strong>perceptio</strong></span> <span class='ocrx_word' id='word_1_117' title='bbox 1206 1960 1262 2029; x_wconf 87' lang='lat' dir='ltr'><strong>est,</strong></span> <span class='ocrx_word' id='word_1_118' title='bbox 1287 1971 1346 2016; x_wconf 86' lang='lat' dir='ltr'><strong>una</strong></span> 
     </span>
     <span class='ocr_line' id='line_1_15' title="bbox 226 2055 1347 2144; baseline 0.002 -20"><span class='ocrx_word' id='word_1_119' title='bbox 226 2070 340 2125; x_wconf 88' lang='lat' dir='ltr'><strong>tantum</strong></span> <span class='ocrx_word' id='word_1_120' title='bbox 372 2055 502 2143; x_wconf 84' lang='lat' dir='ltr'><strong>exejus</strong></span> <span class='ocrx_word' id='word_1_121' title='bbox 535 2061 775 2139; x_wconf 83' lang='lat' dir='ltr'><strong>definitionibus,</strong></span> <span class='ocrx_word' id='word_1_122' title='bbox 818 2061 964 2142; x_wconf 87' lang='lat' dir='ltr'><strong>ejusmodi</strong></span> <span class='ocrx_word' id='word_1_123' title='bbox 1001 2061 1115 2123; x_wconf 78' lang='lat' dir='ltr'><strong>scilicet</strong></span> <span class='ocrx_word' id='word_1_124' title='bbox 1149 2063 1347 2144; x_wconf 81' lang='lat' dir='ltr'><strong>perceptionis</strong></span> 
     </span>
     <span class='ocr_line' id='line_1_16' title="bbox 225 2171 1345 2270; baseline 0.001 -36"><span class='ocrx_word' id='word_1_125' title='bbox 225 2173 414 2270; x_wconf 58' lang='lat' dir='ltr'><strong>stplicitam</strong></span> <span class='ocrx_word' id='word_1_126' title='bbox 439 2191 496 2254; x_wconf 90' lang='lat' dir='ltr'><strong>qua</strong></span> <span class='ocrx_word' id='word_1_127' title='bbox 519 2173 605 2236; x_wconf 89' lang='lat' dir='ltr'><strong>inse</strong></span> <span class='ocrx_word' id='word_1_128' title='bbox 628 2174 690 2253; x_wconf 88' lang='lat' dir='ltr'><strong>ipsa</strong></span> <span class='ocrx_word' id='word_1_129' title='bbox 714 2181 776 2248; x_wconf 89' lang='lat' dir='ltr'><strong>est,</strong></span> <span class='ocrx_word' id='word_1_130' title='bbox 808 2171 910 2234; x_wconf 86' lang='lat' dir='ltr'><strong>eadem</strong></span> <span class='ocrx_word' id='word_1_131' title='bbox 934 2189 1035 2234; x_wconf 89' lang='lat' dir='ltr'><strong>secum</strong></span> <span class='ocrx_word' id='word_1_132' title='bbox 1058 2173 1121 2252; x_wconf 92' lang='lat' dir='ltr'><strong>ipsa</strong></span> <span class='ocrx_word' id='word_1_133' title='bbox 1143 2174 1186 2235; x_wconf 84' lang='lat' dir='ltr'><strong>vis</strong></span> <span class='ocrx_word' id='word_1_134' title='bbox 1208 2183 1239 2238; x_wconf 90' lang='lat' dir='ltr'><strong>et</strong></span> <span class='ocrx_word' id='word_1_135' title='bbox 1260 2175 1345 2236; x_wconf 84' lang='lat' dir='ltr'><strong>ratio.</strong></span> 
     </span>
     <span class='ocr_line' id='line_1_17' title="bbox 221 2283 1346 2364; baseline 0.001 -18"><span class='ocrx_word' id='word_1_136' title='bbox 221 2285 287 2346; x_wconf 90' lang='lat' dir='ltr'><strong>Non</strong></span> <span class='ocrx_word' id='word_1_137' title='bbox 311 2283 481 2346; x_wconf 90' lang='lat' dir='ltr'><strong>immediate</strong></span> <span class='ocrx_word' id='word_1_138' title='bbox 510 2284 589 2346; x_wconf 90' lang='lat' dir='ltr'><strong>idem</strong></span> <span class='ocrx_word' id='word_1_139' title='bbox 620 2291 651 2345; x_wconf 84' lang='lat' dir='ltr'><strong>et</strong></span> <span class='ocrx_word' id='word_1_140' title='bbox 672 2301 726 2364; x_wconf 89' lang='lat' dir='ltr'><strong>par</strong></span> <span class='ocrx_word' id='word_1_141' title='bbox 747 2291 835 2360; x_wconf 82' lang='lat' dir='ltr'><strong>sunt3</strong></span> <span class='ocrx_word' id='word_1_142' title='bbox 866 2299 955 2343; x_wconf 90' lang='lat' dir='ltr'><strong>omne</strong></span> <span class='ocrx_word' id='word_1_143' title='bbox 986 2299 1114 2364; x_wconf 86' lang='lat' dir='ltr'><strong>namque</strong></span> <span class='ocrx_word' id='word_1_144' title='bbox 1144 2283 1346 2348; x_wconf 89' lang='lat' dir='ltr'><strong>immediatum</strong></span> 
     </span>
     <span class='ocr_line' id='line_1_18' title="bbox 221 2391 1347 2476; baseline 0.001 -20"><span class='ocrx_word' id='word_1_145' title='bbox 221 2403 343 2456; x_wconf 86' lang='lat' dir='ltr'><strong>eatenus</strong></span> <span class='ocrx_word' id='word_1_146' title='bbox 365 2403 482 2456; x_wconf 90' lang='lat' dir='ltr'><strong>tantum</strong></span> <span class='ocrx_word' id='word_1_147' title='bbox 504 2413 606 2455; x_wconf 89' lang='lat' dir='ltr'><strong>verum</strong></span> <span class='ocrx_word' id='word_1_148' title='bbox 630 2401 676 2455; x_wconf 91' lang='lat' dir='ltr'><strong>est</strong></span> <span class='ocrx_word' id='word_1_149' title='bbox 698 2401 727 2454; x_wconf 88' lang='lat' dir='ltr'><strong>et</strong></span> <span class='ocrx_word' id='word_1_150' title='bbox 749 2411 860 2454; x_wconf 82' lang='lat' dir='ltr'><strong>revera</strong></span> <span class='ocrx_word' id='word_1_151' title='bbox 877 2391 1022 2469; x_wconf 82' lang='lat' dir='ltr'><strong>subsistit,</strong></span> <span class='ocrx_word' id='word_1_152' title='bbox 1047 2401 1193 2472; x_wconf 89' lang='lat' dir='ltr'><strong>quatenus</strong></span> <span class='ocrx_word' id='word_1_153' title='bbox 1204 2413 1237 2456; x_wconf 89' lang='lat' dir='ltr'><strong>se</strong></span> <span class='ocrx_word' id='word_1_154' title='bbox 1248 2396 1347 2476; x_wconf 88' lang='lat' dir='ltr'><strong>ipsum</strong></span> 
     </span>
     <span class='ocr_line' id='line_1_19' title="bbox 224 2505 1344 2583; baseline 0.005 -20"><span class='ocrx_word' id='word_1_155' title='bbox 224 2523 325 2564; x_wconf 90' lang='lat' dir='ltr'><strong>secum</strong></span> <span class='ocrx_word' id='word_1_156' title='bbox 347 2506 487 2564; x_wconf 74' lang='lat' dir='ltr'><strong>coercitiet</strong></span> <span class='ocrx_word' id='word_1_157' title='bbox 516 2513 546 2564; x_wconf 92' lang='lat' dir='ltr'><strong>et</strong></span> <span class='ocrx_word' id='word_1_158' title='bbox 566 2505 629 2564; x_wconf 89' lang='lat' dir='ltr'><strong>vice</strong></span> <span class='ocrx_word' id='word_1_159' title='bbox 658 2521 741 2564; x_wconf 77' lang='lat' dir='ltr'><strong>versa</strong></span> <span class='ocrx_word' id='word_1_160' title='bbox 764 2505 862 2566; x_wconf 90' lang='lat' dir='ltr'><strong>omnis</strong></span> <span class='ocrx_word' id='word_1_161' title='bbox 890 2505 1030 2566; x_wconf 87' lang='lat' dir='ltr'><strong>mediatio</strong></span> <span class='ocrx_word' id='word_1_162' title='bbox 1053 2514 1175 2568; x_wconf 90' lang='lat' dir='ltr'><strong>eatenus</strong></span> <span class='ocrx_word' id='word_1_163' title='bbox 1198 2525 1263 2568; x_wconf 87' lang='lat' dir='ltr'><strong>vera</strong></span> <span class='ocrx_word' id='word_1_164' title='bbox 1287 2515 1344 2583; x_wconf 83' lang='lat' dir='ltr'><strong>est,</strong></span> 
     </span>
     <span class='ocr_line' id='line_1_20' title="bbox 227 2613 1347 2694; baseline 0.007 -24"><span class='ocrx_word' id='word_1_165' title='bbox 227 2618 375 2689; x_wconf 85' lang='lat' dir='ltr'><strong>quatenus</strong></span> <span class='ocrx_word' id='word_1_166' title='bbox 407 2613 577 2672; x_wconf 81' lang='lat' dir='ltr'><strong>immediata</strong></span> <span class='ocrx_word' id='word_1_167' title='bbox 611 2613 642 2672; x_wconf 94' lang='lat' dir='ltr'><strong>in</strong></span> <span class='ocrx_word' id='word_1_168' title='bbox 671 2629 704 2672; x_wconf 91' lang='lat' dir='ltr'><strong>se</strong></span> <span class='ocrx_word' id='word_1_169' title='bbox 733 2621 779 2673; x_wconf 91' lang='lat' dir='ltr'><strong>est</strong></span> <span class='ocrx_word' id='word_1_170' title='bbox 807 2615 893 2676; x_wconf 86' lang='lat' dir='ltr'><strong>etad</strong></span> <span class='ocrx_word' id='word_1_171' title='bbox 923 2615 1071 2694; x_wconf 88' lang='lat' dir='ltr'><strong>seipsam</strong></span> <span class='ocrx_word' id='word_1_172' title='bbox 1095 2617 1231 2678; x_wconf 81' lang='lat' dir='ltr'><strong>refertur.</strong></span> <span class='ocrx_word' id='word_1_173' title='bbox 1278 2617 1347 2678; x_wconf 91' lang='lat' dir='ltr'><strong>Per·</strong></span> 
     </span>
     <span class='ocr_line' id='line_1_21' title="bbox 228 2719 1345 2807; baseline 0.006 -27"><span class='ocrx_word' id='word_1_174' title='bbox 228 2719 325 2798; x_wconf 87' lang='lat' dir='ltr'><strong>ceptio</strong></span> <span class='ocrx_word' id='word_1_175' title='bbox 346 2720 384 2780; x_wconf 89' lang='lat' dir='ltr'><strong>ab</strong></span> <span class='ocrx_word' id='word_1_176' title='bbox 414 2739 480 2782; x_wconf 91' lang='lat' dir='ltr'><strong>esse</strong></span> <span class='ocrx_word' id='word_1_177' title='bbox 502 2721 599 2782; x_wconf 84' lang='lat' dir='ltr'><strong>differt</strong></span> <span class='ocrx_word' id='word_1_178' title='bbox 625 2721 750 2782; x_wconf 83' lang='lat' dir='ltr'><strong>ethaeo</strong></span> <span class='ocrx_word' id='word_1_179' title='bbox 779 2723 944 2786; x_wconf 81' lang='lat' dir='ltr'><strong>differentia</strong></span> <span class='ocrx_word' id='word_1_180' title='bbox 958 2724 1122 2805; x_wconf 61' lang='lat' dir='ltr'><strong>¹,ejusmodi</strong></span> <span class='ocrx_word' id='word_1_181' title='bbox 1152 2733 1197 2786; x_wconf 91' lang='lat' dir='ltr'><strong>est</strong></span> <span class='ocrx_word' id='word_1_182' title='bbox 1227 2734 1259 2787; x_wconf 89' lang='lat' dir='ltr'><strong>ut</strong></span> <span class='ocrx_word' id='word_1_183' title='bbox 1282 2727 1345 2807; x_wconf 84' lang='lat' dir='ltr'><strong>ipsa</strong></span> 
     </span>
    </p>

    <p class='ocr_par' dir='ltr' id='par_1_3' title="bbox 165 2829 1397 3466">
     <span class='ocr_line' id='line_1_22' title="bbox 226 2829 1344 2913; baseline 0.008 -23"><span class='ocrx_word' id='word_1_184' title='bbox 226 2829 378 2909; x_wconf 89' lang='lat' dir='ltr'><strong>perceptio</strong></span> <span class='ocrx_word' id='word_1_185' title='bbox 401 2849 464 2891; x_wconf 85' lang='lat' dir='ltr'><strong>eam</strong></span> <span class='ocrx_word' id='word_1_186' title='bbox 489 2831 581 2892; x_wconf 78' lang='lat' dir='ltr'><strong>tollat,</strong></span> <span class='ocrx_word' id='word_1_187' title='bbox 617 2831 770 2912; x_wconf 79' lang='lat' dir='ltr'><strong>Perccptio</strong></span> <span class='ocrx_word' id='word_1_188' title='bbox 792 2841 840 2896; x_wconf 85' lang='lat' dir='ltr'><strong>est</strong></span> <span class='ocrx_word' id='word_1_189' title='bbox 860 2835 934 2896; x_wconf 89' lang='lat' dir='ltr'><strong>baec</strong></span> <span class='ocrx_word' id='word_1_190' title='bbox 954 2835 1139 2910; x_wconf 83' lang='lat' dir='ltr'><strong>universitas,</strong></span> <span class='ocrx_word' id='word_1_191' title='bbox 1164 2836 1214 2898; x_wconf 91' lang='lat' dir='ltr'><strong>bic</strong></span> <span class='ocrx_word' id='word_1_192' title='bbox 1235 2846 1344 2913; x_wconf 86' lang='lat' dir='ltr'><strong>motus,</strong></span> 
     </span>
     <span class='ocr_line' id='line_1_23' title="bbox 165 2913 1397 3028; baseline 0.01 -29"><span class='ocrx_word' id='word_1_193' title='bbox 165 2913 172 2926; x_wconf 48' lang='grc'><strong>”</strong></span> <span class='ocrx_word' id='word_1_194' title='bbox 224 2935 274 3000; x_wconf 89' lang='lat' dir='ltr'><strong>bic</strong></span> <span class='ocrx_word' id='word_1_195' title='bbox 306 2940 514 3002; x_wconf 87' lang='lat' dir='ltr'><strong>subsistentiae</strong></span> <span class='ocrx_word' id='word_1_196' title='bbox 544 2961 619 3022; x_wconf 89' lang='lat' dir='ltr'><strong>quae</strong></span> <span class='ocrx_word' id='word_1_197' title='bbox 651 2943 683 3004; x_wconf 93' lang='lat' dir='ltr'><strong>in</strong></span> <span class='ocrx_word' id='word_1_198' title='bbox 720 2961 828 3006; x_wconf 88' lang='lat' dir='ltr'><strong>sensus</strong></span> <span class='ocrx_word' id='word_1_199' title='bbox 861 2945 940 3006; x_wconf 86' lang='lat' dir='ltr'><strong>cadit</strong></span> <span class='ocrx_word' id='word_1_200' title='bbox 973 2947 1144 3008; x_wconf 85' lang='lat' dir='ltr'><strong>efficiendae</strong></span> <span class='ocrx_word' id='word_1_201' title='bbox 1176 2966 1343 3028; x_wconf 87' lang='lat' dir='ltr'><strong>processus.</strong></span> <span class='ocrx_word' id='word_1_202' title='bbox 1387 2939 1397 2950; x_wconf 77' lang='grc'><em>“</em></span> 
     </span>
     <span class='ocr_line' id='line_1_24' title="bbox 223 3049 1345 3134; baseline 0.009 -24"><span class='ocrx_word' id='word_1_203' title='bbox 223 3049 376 3129; x_wconf 88' lang='lat' dir='ltr'><strong>Peroeptio</strong></span> <span class='ocrx_word' id='word_1_204' title='bbox 398 3069 452 3130; x_wconf 93' lang='lat' dir='ltr'><strong>per</strong></span> <span class='ocrx_word' id='word_1_205' title='bbox 481 3069 513 3112; x_wconf 93' lang='lat' dir='ltr'><strong>se</strong></span> <span class='ocrx_word' id='word_1_206' title='bbox 535 3060 631 3114; x_wconf 82' lang='lat' dir='ltr'><strong>sumta</strong></span> <span class='ocrx_word' id='word_1_207' title='bbox 654 3073 730 3134; x_wconf 86' lang='lat' dir='ltr'><strong>quae</strong></span> <span class='ocrx_word' id='word_1_208' title='bbox 752 3054 789 3115; x_wconf 89' lang='lat' dir='ltr'><strong>ab</strong></span> <span class='ocrx_word' id='word_1_209' title='bbox 813 3073 879 3116; x_wconf 88' lang='lat' dir='ltr'><strong>esse</strong></span> <span class='ocrx_word' id='word_1_210' title='bbox 902 3055 1001 3118; x_wconf 82' lang='lat' dir='ltr'><strong>differt</strong></span> <span class='ocrx_word' id='word_1_211' title='bbox 1022 3056 1102 3116; x_wconf 91' lang='lat' dir='ltr'><strong>notio</strong></span> <span class='ocrx_word' id='word_1_212' title='bbox 1126 3065 1240 3118; x_wconf 83' lang='lat' dir='ltr'><strong>tantum</strong></span> <span class='ocrx_word' id='word_1_213' title='bbox 1263 3059 1306 3120; x_wconf 90' lang='lat' dir='ltr'><strong>rei</strong></span> <span class='ocrx_word' id='word_1_214' title='bbox 1329 3079 1345 3120; x_wconf 85' lang='lat' dir='ltr'><strong>a</strong></span> 
     </span>
     <span class='ocr_line' id='line_1_25' title="bbox 223 3160 1346 3248; baseline 0.009 -29"><span class='ocrx_word' id='word_1_215' title='bbox 223 3160 344 3220; x_wconf 91' lang='lat' dir='ltr'><strong>materia</strong></span> <span class='ocrx_word' id='word_1_216' title='bbox 368 3162 521 3241; x_wconf 86' lang='lat' dir='ltr'><strong>sejunctae</strong></span> <span class='ocrx_word' id='word_1_217' title='bbox 543 3173 605 3239; x_wconf 89' lang='grc' dir='ltr'><strong>εει,</strong></span> <span class='ocrx_word' id='word_1_218' title='bbox 640 3163 690 3226; x_wconf 90' lang='lat' dir='ltr'><strong>hic</strong></span> <span class='ocrx_word' id='word_1_219' title='bbox 712 3171 756 3226; x_wconf 88' lang='lat' dir='ltr'><strong>est</strong></span> <span class='ocrx_word' id='word_1_220' title='bbox 787 3165 938 3241; x_wconf 81' lang='lat' dir='ltr'><strong>desectus3</strong></span> <span class='ocrx_word' id='word_1_221' title='bbox 983 3167 1134 3246; x_wconf 85' lang='lat' dir='ltr'><strong>perceptio</strong></span> <span class='ocrx_word' id='word_1_222' title='bbox 1156 3176 1253 3230; x_wconf 91' lang='lat' dir='ltr'><strong>autem</strong></span> <span class='ocrx_word' id='word_1_223' title='bbox 1277 3189 1346 3248; x_wconf 91' lang='lat' dir='ltr'><strong>pro·</strong></span> 
     </span>
     <span class='ocr_line' id='line_1_26' title="bbox 222 3271 1345 3356; baseline 0.009 -26"><span class='ocrx_word' id='word_1_224' title='bbox 222 3271 397 3332; x_wconf 84' lang='lat' dir='ltr'><strong>fundissima</strong></span> <span class='ocrx_word' id='word_1_225' title='bbox 427 3280 473 3332; x_wconf 92' lang='lat' dir='ltr'><strong>est</strong></span> <span class='ocrx_word' id='word_1_226' title='bbox 501 3273 722 3354; x_wconf 80' lang='lat' dir='ltr'><strong>altissimaque3</strong></span> <span class='ocrx_word' id='word_1_227' title='bbox 757 3275 855 3336; x_wconf 89' lang='lat' dir='ltr'><strong>omnis</strong></span> <span class='ocrx_word' id='word_1_228' title='bbox 884 3277 1034 3356; x_wconf 85' lang='lat' dir='ltr'><strong>perceptio</strong></span> <span class='ocrx_word' id='word_1_229' title='bbox 1060 3285 1164 3338; x_wconf 90' lang='lat' dir='ltr'><strong>natura</strong></span> <span class='ocrx_word' id='word_1_230' title='bbox 1195 3295 1248 3338; x_wconf 91' lang='lat' dir='ltr'><strong>sua</strong></span> <span class='ocrx_word' id='word_1_231' title='bbox 1279 3279 1345 3340; x_wconf 82' lang='lat' dir='ltr'><strong>talis</strong></span> 
     </span>
     <span class='ocr_line' id='line_1_27' title="bbox 221 3379 1342 3466; baseline 0.009 -26"><span class='ocrx_word' id='word_1_232' title='bbox 221 3388 278 3456; x_wconf 88' lang='lat' dir='ltr'><strong>est,</strong></span> <span class='ocrx_word' id='word_1_233' title='bbox 302 3390 336 3442; x_wconf 92' lang='lat' dir='ltr'><strong>ut</strong></span> <span class='ocrx_word' id='word_1_234' title='bbox 357 3381 437 3442; x_wconf 93' lang='lat' dir='ltr'><strong>hunc</strong></span> <span class='ocrx_word' id='word_1_235' title='bbox 459 3379 667 3444; x_wconf 89' lang='lat' dir='ltr'><strong>subsistentiae</strong></span> <span class='ocrx_word' id='word_1_236' title='bbox 686 3403 742 3446; x_wconf 91' lang='lat' dir='ltr'><strong>suo</strong></span> <span class='ocrx_word' id='word_1_237' title='bbox 758 3393 872 3446; x_wconf 94' lang='lat' dir='ltr'><strong>tantum</strong></span> <span class='ocrx_word' id='word_1_238' title='bbox 893 3385 1006 3466; x_wconf 83' lang='lat' dir='ltr'><strong>judicio</strong></span> <span class='ocrx_word' id='word_1_239' title='bbox 1022 3386 1172 3466; x_wconf 87' lang='lat' dir='ltr'><strong>subjectae</strong></span> <span class='ocrx_word' id='word_1_240' title='bbox 1185 3387 1342 3466; x_wconf 80' lang='lat' dir='ltr'><strong>deiectum,</strong></span> 
     </span>
    </p>
   </div>
   <div class='ocr_carea' id='block_1_3' title="bbox 222 3489 1461 3578">
    <p class='ocr_par' dir='ltr' id='par_1_4' title="bbox 222 3489 1461 3578">
     <span class='ocr_line' id='line_1_28' title="bbox 222 3489 1461 3578; baseline 0.009 -27"><span class='ocrx_word' id='word_1_241' title='bbox 222 3491 299 3552; x_wconf 90' lang='lat' dir='ltr'><strong>hanc</strong></span> <span class='ocrx_word' id='word_1_242' title='bbox 320 3511 379 3571; x_wconf 89' lang='lat' dir='ltr'><strong>qua</strong></span> <span class='ocrx_word' id='word_1_243' title='bbox 401 3489 438 3552; x_wconf 89' lang='lat' dir='ltr'><strong>ab</strong></span> <span class='ocrx_word' id='word_1_244' title='bbox 461 3509 527 3554; x_wconf 88' lang='lat' dir='ltr'><strong>esse</strong></span> <span class='ocrx_word' id='word_1_245' title='bbox 545 3493 645 3555; x_wconf 81' lang='lat' dir='ltr'><strong>differt</strong></span> <span class='ocrx_word' id='word_1_246' title='bbox 666 3495 865 3556; x_wconf 70' lang='lat' dir='ltr'><strong>diversitatem</strong></span> <span class='ocrx_word' id='word_1_247' title='bbox 888 3496 974 3558; x_wconf 85' lang='lat' dir='ltr'><strong>toltat</strong></span> <span class='ocrx_word' id='word_1_248' title='bbox 994 3497 1275 3578; x_wconf 89' lang='lat' dir='ltr'><strong>subsistentiamque</strong></span> <span class='ocrx_word' id='word_1_249' title='bbox 1298 3501 1344 3561; x_wconf 87' lang='lat' dir='ltr'><strong>sui</strong></span> <span class='ocrx_word' id='word_1_250' title='bbox 1459 3555 1461 3562; x_wconf 82' lang='grc'><strong>,</strong></span> 
     </span>
    </p>
   </div>
   <div class='ocr_carea' id='block_1_4' title="bbox 217 3601 1344 4468">
    <p class='ocr_par' dir='ltr' id='par_1_5' title="bbox 217 3601 1344 4468">
     <span class='ocr_line' id='line_1_29' title="bbox 220 3601 1344 3689; baseline 0.009 -28"><span class='ocrx_word' id='word_1_251' title='bbox 220 3601 317 3681; x_wconf 87' lang='lat' dir='ltr'><strong>ipsius</strong></span> <span class='ocrx_word' id='word_1_252' title='bbox 338 3621 415 3682; x_wconf 83' lang='lat' dir='ltr'><strong>quae</strong></span> <span class='ocrx_word' id='word_1_253' title='bbox 437 3602 467 3662; x_wconf 89' lang='lat' dir='ltr'><strong>in</strong></span> <span class='ocrx_word' id='word_1_254' title='bbox 491 3621 597 3664; x_wconf 89' lang='lat' dir='ltr'><strong>sensus</strong></span> <span class='ocrx_word' id='word_1_255' title='bbox 620 3605 698 3666; x_wconf 88' lang='lat' dir='ltr'><strong>cadit</strong></span> <span class='ocrx_word' id='word_1_256' title='bbox 719 3606 844 3682; x_wconf 81' lang='lat' dir='ltr'><strong>efficiat3</strong></span> <span class='ocrx_word' id='word_1_257' title='bbox 879 3606 942 3686; x_wconf 88' lang='lat' dir='ltr'><strong>ipse</strong></span> <span class='ocrx_word' id='word_1_258' title='bbox 963 3615 1011 3668; x_wconf 85' lang='lat' dir='ltr'><strong>est</strong></span> <span class='ocrx_word' id='word_1_259' title='bbox 1032 3607 1082 3669; x_wconf 89' lang='lat' dir='ltr'><strong>hic</strong></span> <span class='ocrx_word' id='word_1_260' title='bbox 1103 3615 1203 3684; x_wconf 89' lang='lat' dir='ltr'><strong>actus,</strong></span> <span class='ocrx_word' id='word_1_261' title='bbox 1238 3610 1288 3689; x_wconf 89' lang='lat' dir='ltr'><strong>qui</strong></span> <span class='ocrx_word' id='word_1_262' title='bbox 1311 3629 1344 3672; x_wconf 89' lang='lat' dir='ltr'><strong>se</strong></span> 
     </span>
     <span class='ocr_line' id='line_1_30' title="bbox 222 3712 1343 3801; baseline 0.008 -29"><span class='ocrx_word' id='word_1_263' title='bbox 222 3712 320 3792; x_wconf 87' lang='lat' dir='ltr'><strong>ipsum</strong></span> <span class='ocrx_word' id='word_1_264' title='bbox 343 3721 494 3791; x_wconf 85' lang='lat' dir='ltr'><strong>tamquam</strong></span> <span class='ocrx_word' id='word_1_265' title='bbox 515 3715 675 3777; x_wconf 90' lang='lat' dir='ltr'><strong>essentiam</strong></span> <span class='ocrx_word' id='word_1_266' title='bbox 699 3717 827 3795; x_wconf 90' lang='lat' dir='ltr'><strong>quaein</strong></span> <span class='ocrx_word' id='word_1_267' title='bbox 851 3735 958 3778; x_wconf 91' lang='lat' dir='ltr'><strong>sensus</strong></span> <span class='ocrx_word' id='word_1_268' title='bbox 979 3717 1060 3779; x_wconf 86' lang='lat' dir='ltr'><strong>cadit</strong></span> <span class='ocrx_word' id='word_1_269' title='bbox 1081 3719 1230 3799; x_wconf 90' lang='lat' dir='ltr'><strong>producit.</strong></span> <span class='ocrx_word' id='word_1_270' title='bbox 1276 3721 1343 3801; x_wconf 84' lang='lat' dir='ltr'><strong>lpsa</strong></span> 
     </span>
     <span class='ocr_line' id='line_1_31' title="bbox 221 3822 1340 3907; baseline 0.008 -25"><span class='ocrx_word' id='word_1_271' title='bbox 221 3822 608 3902; x_wconf 84' lang='lat' dir='ltr'><strong>perceptionisretioretat,</strong></span> <span class='ocrx_word' id='word_1_272' title='bbox 632 3843 671 3885; x_wconf 94' lang='lat' dir='ltr'><strong>ne</strong></span> <span class='ocrx_word' id='word_1_273' title='bbox 693 3825 1028 3907; x_wconf 89' lang='lat' dir='ltr'><strong>aliquamcunque</strong></span> <span class='ocrx_word' id='word_1_274' title='bbox 1051 3829 1105 3890; x_wconf 88' lang='lat' dir='ltr'><strong>rei</strong></span> <span class='ocrx_word' id='word_1_275' title='bbox 1127 3829 1340 3906; x_wconf 89' lang='lat' dir='ltr'><strong>notionem,</strong></span> 
     </span>
     <span class='ocr_line' id='line_1_32' title="bbox 220 3933 1339 4018; baseline 0.008 -27"><span class='ocrx_word' id='word_1_276' title='bbox 220 3951 311 4013; x_wconf 88' lang='lat' dir='ltr'><strong>quarn</strong></span> <span class='ocrx_word' id='word_1_277' title='bbox 335 3940 487 3993; x_wconf 90' lang='lat' dir='ltr'><strong>nosmet</strong></span> <span class='ocrx_word' id='word_1_278' title='bbox 508 3933 586 4012; x_wconf 90' lang='lat' dir='ltr'><strong>ipsi</strong></span> <span class='ocrx_word' id='word_1_279' title='bbox 609 3941 723 3996; x_wconf 90' lang='lat' dir='ltr'><strong>tantum</strong></span> <span class='ocrx_word' id='word_1_280' title='bbox 746 3935 890 3998; x_wconf 89' lang='lat' dir='ltr'><strong>habemus</strong></span> <span class='ocrx_word' id='word_1_281' title='bbox 913 3945 942 3998; x_wconf 88' lang='lat' dir='ltr'><strong>et</strong></span> <span class='ocrx_word' id='word_1_282' title='bbox 964 3938 1027 3998; x_wconf 84' lang='lat' dir='ltr'><strong>sota</strong></span> <span class='ocrx_word' id='word_1_283' title='bbox 1045 3947 1144 3999; x_wconf 89' lang='lat' dir='ltr'><strong>mente</strong></span> <span class='ocrx_word' id='word_1_284' title='bbox 1160 3940 1339 4018; x_wconf 82' lang='lat' dir='ltr'><strong>effingimus,</strong></span> 
     </span>
     <span class='ocr_line' id='line_1_33' title="bbox 217 4043 1342 4128; baseline 0.007 -25"><span class='ocrx_word' id='word_1_285' title='bbox 217 4043 520 4123; x_wconf 85' lang='lat' dir='ltr'><strong>perceptionem</strong></span> <span class='ocrx_word' id='word_1_286' title='bbox 550 4061 615 4104; x_wconf 88' lang='lat' dir='ltr'><strong>esse</strong></span> <span class='ocrx_word' id='word_1_287' title='bbox 638 4045 804 4124; x_wconf 90' lang='lat' dir='ltr'><strong>opinemur.</strong></span> <span class='ocrx_word' id='word_1_288' title='bbox 851 4047 913 4108; x_wconf 86' lang='lat' dir='ltr'><strong>imo</strong></span> <span class='ocrx_word' id='word_1_289' title='bbox 940 4048 1039 4127; x_wconf 88' lang='lat' dir='ltr'><strong>potius</strong></span> <span class='ocrx_word' id='word_1_290' title='bbox 1067 4050 1274 4128; x_wconf 87' lang='lat' dir='ltr'><strong>perceptio</strong></span> <span class='ocrx_word' id='word_1_291' title='bbox 1297 4059 1342 4112; x_wconf 88' lang='lat' dir='ltr'><strong>est</strong></span> 
     </span>
     <span class='ocr_line' id='line_1_34' title="bbox 221 4153 1340 4238; baseline 0.009 -26"><span class='ocrx_word' id='word_1_292' title='bbox 221 4153 366 4228; x_wconf 86' lang='lat' dir='ltr'><strong>anima,</strong></span> <span class='ocrx_word' id='word_1_293' title='bbox 401 4153 566 4215; x_wconf 84' lang='lat' dir='ltr'><strong>ultimus</strong></span> <span class='ocrx_word' id='word_1_294' title='bbox 599 4154 697 4216; x_wconf 81' lang='lat' dir='ltr'><strong>finis</strong></span> <span class='ocrx_word' id='word_1_295' title='bbox 730 4156 772 4216; x_wconf 93' lang='lat' dir='ltr'><strong>rei</strong></span> <span class='ocrx_word' id='word_1_296' title='bbox 805 4156 950 4237; x_wconf 85' lang='lat' dir='ltr'><strong>aiicujus,</strong></span> <span class='ocrx_word' id='word_1_297' title='bbox 987 4177 1094 4238; x_wconf 90' lang='lat' dir='ltr'><strong>nempe</strong></span> <span class='ocrx_word' id='word_1_298' title='bbox 1116 4160 1261 4220; x_wconf 88' lang='lat' dir='ltr'><strong>essentiae</strong></span> <span class='ocrx_word' id='word_1_299' title='bbox 1283 4161 1340 4222; x_wconf 86' lang='lat' dir='ltr'><strong>vita</strong></span> 
     </span>
     <span class='ocr_line' id='line_1_35' title="bbox 220 4261 1339 4350; baseline 0.009 -28"><span class='ocrx_word' id='word_1_300' title='bbox 220 4261 390 4342; x_wconf 81' lang='lat' dir='ltr'><strong>praeditae,</strong></span> <span class='ocrx_word' id='word_1_301' title='bbox 415 4263 463 4339; x_wconf 85' lang='lat' dir='ltr'><strong>id,</strong></span> <span class='ocrx_word' id='word_1_302' title='bbox 495 4263 575 4343; x_wconf 89' lang='lat' dir='ltr'><strong>quod</strong></span> <span class='ocrx_word' id='word_1_303' title='bbox 597 4280 653 4325; x_wconf 89' lang='lat' dir='ltr'><strong>nos</strong></span> <span class='ocrx_word' id='word_1_304' title='bbox 675 4265 803 4326; x_wconf 88' lang='lat' dir='ltr'><strong>animam</strong></span> <span class='ocrx_word' id='word_1_305' title='bbox 825 4283 963 4330; x_wconf 82' lang='lat' dir='ltr'><strong>vocamus</strong></span> <span class='ocrx_word' id='word_1_306' title='bbox 985 4267 1049 4348; x_wconf 86' lang='lat' dir='ltr'><strong>ipse</strong></span> <span class='ocrx_word' id='word_1_307' title='bbox 1072 4277 1117 4330; x_wconf 88' lang='lat' dir='ltr'><strong>est</strong></span> <span class='ocrx_word' id='word_1_308' title='bbox 1139 4270 1289 4350; x_wconf 89' lang='lat' dir='ltr'><strong>perceptio</strong></span> <span class='ocrx_word' id='word_1_309' title='bbox 1310 4279 1339 4332; x_wconf 91' lang='lat' dir='ltr'><strong>et</strong></span> 
     </span>
     <span class='ocr_line' id='line_1_36' title="bbox 219 4371 1339 4468; baseline 0.009 -36"><span class='ocrx_word' id='word_1_310' title='bbox 219 4371 375 4468; x_wconf 73' lang='lat' dir='ltr'><strong>inmense</strong></span> <span class='ocrx_word' id='word_1_311' title='bbox 404 4373 465 4434; x_wconf 80' lang='lat' dir='ltr'><strong>site</strong></span> <span class='ocrx_word' id='word_1_312' title='bbox 487 4373 666 4436; x_wconf 87' lang='lat' dir='ltr'><strong>conscientia</strong></span> <span class='ocrx_word' id='word_1_313' title='bbox 696 4376 846 4456; x_wconf 87' lang='lat' dir='ltr'><strong>perceptio</strong></span> <span class='ocrx_word' id='word_1_314' title='bbox 875 4393 1007 4456; x_wconf 88' lang='lat' dir='ltr'><strong>eaquae</strong></span> <span class='ocrx_word' id='word_1_315' title='bbox 1033 4395 1102 4440; x_wconf 86' lang='lat' dir='ltr'><strong>cum</strong></span> <span class='ocrx_word' id='word_1_316' title='bbox 1124 4387 1246 4440; x_wconf 90' lang='lat' dir='ltr'><strong>naturae</strong></span> <span class='ocrx_word' id='word_1_317' title='bbox 1268 4398 1339 4443; x_wconf 85' lang='lat' dir='ltr'><strong>suae</strong></span> 
     </span>
    </p>
   </div>
   <div class='ocr_carea' id='block_1_5' title="bbox 0 0 1634 5058">
    <p class='ocr_par' dir='ltr' id='par_1_6' title="bbox 0 0 1634 5058">
     <span class='ocr_line' id='line_1_37' title="bbox 0 0 1634 5058; baseline 0 2"><span class='ocrx_word' id='word_1_318' title='bbox 0 0 1634 5058; x_wconf 95' lang='lat' dir='ltr'><strong> </strong></span> 
     </span>
    </p>
   </div>
  </div>
 </body>
</html>
