3260 5058
680 529 764 540 -
806 491 877 560 roo
907 467 1000 539 '---

278 676 403 757 impium
426 674 523 754 arguit
550 673 798 754 respondere
825 671 1035 734 veritatem
1057 677 1257 732 aeternam
1280 669 1317 730 in
1341 669 1401 730 in·

278 785 445 848 tellecta
479 783 658 846 numinis
691 782 926 862 archetypo,
971 781 1030 842 hoc
1061 787 1107 841 est
1139 779 1258 841 Deum
1291 795 1401 839 nomen

278 895 388 958 hahere
421 894 458 956 ab
488 893 665 955 essentia
700 892 796 968 (Exod
818 893 854 952 IV
877 889 927 953 lt.
960 891 1072 953 lesaias
1094 891 1172 951 XLll
1194 886 1241 965 8.)
1275 889 1402 968 ideoque

279 1025 369 1068 vere
393 1005 593 1066 exsistere
622 1010 745 1084 propter
767 1001 955 1082 cogitationis
985 1001 1100 1062 divinae
1122 999 1329 1061 necessitatem
1351 999 1403 1060 ah-

279 1117 417 1182 solutam.
450 1149 493 1161 -
536 1115 618 1187 Quae
647 1114 768 1194 quidem
799 1111 1013 1174 demonstratio
1041 1119 1121 1173 reete
1147 1129 1180 1172 se
1202 1109 1340 1185 haberet,
1376 1109 1402 1170 si

281 1227 367 1288 idea
403 1226 511 1287 infiniti
541 1225 603 1289 sive
632 1223 777 1296 absoluti,
813 1241 870 1302 qua
900 1222 931 1284 in
959 1221 1129 1302 judicandis
1157 1221 1234 1282 veris
1262 1228 1293 1282 et
1321 1219 1403 1281 lalsis

281 1337 397 1397 utimur
438 1335 497 1396 nisi
537 1334 667 1396 essentia
708 1333 736 1395 ei
769 1351 837 1393 vere
870 1332 1016 1393 exsistens
1048 1331 1229 1409 respondeat
1260 1347 1403 1391 merum

281 1446 514 1526 phantasma
544 1452 632 1507 esset.
684 1443 770 1516 Quod
800 1442 884 1504 nullo
913 1442 1005 1502 modo¹
1032 1440 1154 1501 concedi
1185 1447 1299 1520 potest,
1335 1439 1403 1518 quia

280 1555 390 1617 multae
420 1555 568 1636 ejusmodi
600 1555 684 1616 ideae
715 1573 761 1615 ex.
786 1569 830 1633 gr.
862 1553 939 1629 veri,
985 1551 1059 1613 recti
1094 1550 1211 1632 pulchri
1233 1549 1326 1610 menti
1348 1549 1404 1610 hu-

281 1685 385 1729 manae
402 1666 515 1742 iusuut‚
539 1683 616 1745 quae
639 1683 710 1726 saue
732 1663 903 1725 verissimae
925 1669 1006 1737 sunt,
1032 1661 1086 1723 etsi
1110 1661 1226 1722 nullum
1248 1677 1302 1721 ens
1324 1667 1404 1720 extra

281 1777 466 1838 intellectum
488 1783 625 1837 nostrum
647 1773 793 1836 exsistens
815 1773 853 1834 iis
875 1773 1055 1852 respondeat
1076 1771 1121 1832 vel
1143 1789 1199 1832 nos
1222 1777 1301 1832 certe
1324 1769 1405 1850 ejus-

281 1885 362 1948 modi
386 1903 439 1946 ens
463 1885 604 1945 exsistere
627 1883 754 1963 probare
776 1901 837 1943 non
859 1882 1019 1962 possimus.

367 1994 502 2074 Denique
536 2001 565 2054 et
605 1993 772 2054 Carolus
811 1991 1059 2072 Theophilus
1092 1989 1406 2053 Bretsohneider

282 2103 335 2182 qui
358 2111 445 2164 uatus
468 2121 547 2164 anno
570 2100 654 2164 1776
676 2120 812 2163 summus
841 2101 872 2162 in
895 2103 1003 2182 ducato
1027 2101 1160 2163 Gothauo
1189 2117 1290 2160 rerum
1313 2098 1406 2160 eccle-

284 2211 470 2272 siasticarum
503 2211 628 2272 antistes
661 2211 835 2290 primusque
867 2231 882 2272 a
914 2211 1007 2272 sacris
1036 2211 1141 2272 aulicis
1171 2217 1271 2271 orator
1299 2209 1355 2269 luit
1376 2216 1406 2270 et

284 2337 363 2380 anno
387 2317 471 2382 1848
493 2321 572 2380 diem
596 2339 769 2399 supremum
793 2320 866 2381 obiit
889 2320 920 2380 in
944 2338 1032 2400 opere
1055 2337 1110 2381 suo
1132 2319 1211 2399 quod
1234 2319 1270 2380 ad
1292 2336 1404 2379 sacram

284 2429 450 2490 doctrinam
473 2414 602 2509 pertinet
619 2427 661 2505 ¹¹)
684 2437 891 2508 argumentum
912 2429 992 2509 quod
1015 2429 1078 2508 ipse
1101 2428 1302 2508 ontologicum
1323 2433 1406 2486 vocat

285 2539 333 2602 his
361 2539 460 2600 verbis
494 2557 569 2619 quae
603 2557 658 2600 nos
685 2540 716 2600 iu
746 2539 876 2623 linguam
907 2539 1042 2600 Latinam
1074 2538 1215 2600 vertimus
1248 2536 1404 2617 proponit:

284 2650 352 2729 Ipsa
374 2649 498 2710 rationis
521 2649 668 2712 humanae
691 2657 795 2710 natura
808 2649 949 2729 postulat,
974 2658 1007 2710 ut
1029 2667 1045 2710 a
1068 2647 1348 2710 conditionate
1371 2646 1408 2706 ad

285 2759 510 2822 absolutum
533 2759 569 2821 ab
592 2760 831 2840 imperfecto
853 2760 889 2820 ad
913 2759 1137 2839 perlectum
1160 2757 1329 2818 adscendat.
1364 2756 1407 2816 lta

286 2869 414 2948 denique
437 2869 512 2930 ratio
534 2869 572 2930 ad
594 2869 718 2930 ideam
742 2869 954 2930 universae
976 2867 1246 2948 perfectiouis
1269 2866 1330 2926 sive
1352 2865 1410 2926 ab·

285 2979 418 3040 solute
451 2979 668 3057 perlectam
701 2979 851 3058 pervenit,
887 2997 977 3056 quam
1010 2977 1131 3056 quidem
1161 2976 1259 3056 aliqua
1288 2975 1409 3036 demum

285 3087 424 3149 revelatio
448 3085 535 3148 uobis
556 3087 676 3148 tradere
698 3105 758 3147 nou
781 3087 887 3163 dehet,
923 3087 975 3147 sed
1003 3087 1127 3166 propius
1156 3092 1256 3148 tamen
1286 3085 1410 3146 delinire
1438 3083 1441 3090 ’

286 3205 316 3258 et
339 3197 498 3258 emendare
520 3204 550 3258 et
571 3215 680 3277 augere
703 3204 811 3277 potest.
857 3197 1000 3276 Sequitur
1021 3215 1057 3256 ex
1079 3196 1135 3257 hac
1150 3195 1273 3256 rationis
1291 3203 1407 3269 natura,

286 3307 416 3388 primurn
447 3307 527 3387 quod
560 3308 670 3369 notio
692 3307 759 3368 Dei
792 3307 907 3368 nohis
939 3307 1069 3368 indita
1099 3313 1134 3367 ct
1163 3306 1410 3366 naturaliter

286 3419 516 3480 necessaria
550 3427 613 3494 est;
649 3426 710 3480 tum
741 3418 820 3498 quod
851 3419 953 3479 eadem
982 3437 1018 3479 ex
1047 3436 1154 3493 causa,
1190 3435 1247 3496 qua
1270 3415 1409 3477 omuibus

286 3528 411 3590 rationis
433 3537 553 3589 nostrae
582 3527 824 3608 perceptionibus
853 3545 980 3590 veram
1012 3526 1295 3590 exsistentiam
1329 3541 1411 3590 com-

287 3646 388 3716 petere
411 3645 551 3717 putamus
574 3637 663 3698 etiam
694 3639 792 3698 hanc
821 3637 946 3698 ideam
976 3657 1016 3698 re
1045 3655 1133 3698 vera
1156 3643 1265 3698 extra
1289 3633 1411 3696 intel-

288 3747 431 3807 lectum
462 3755 641 3808 nostrum
670 3747 870 3807 exsistere
899 3748 1080 3808 credendum
1104 3747 1191 3808 nobis
1214 3754 1269 3807 est.
1314 3745 1411 3805 Esse

287 3856 516 3936 imperfecti
550 3855 719 3916 necessario
753 3874 840 3916 esse
873 3857 1045 3935 perlecti
1079 3857 1173 3936 pouit.
1221 3855 1296 3927 Quia
1319 3871 1412 3916 con-

289 3966 529 4028 ditionatum
553 3966 669 4028 exsistit
690 3965 757 4028 ideo
779 3965 1004 4028 absolutum
1027 3985 1145 4048 quoque
1157 3967 1278 4028 exsistat
1289 3981 1412 4028 necesse

304 4227 307 4232 Ι
357 4253 401 4318 11)
420 4253 452 4302 cl.
473 4253 748 4305 Bretsohneider:
778 4253 895 4306 Manuale
920 4253 1049 4304 doctrinae
1074 4268 1162 4304 sacrae
1187 4250 1310 4302 aeclesiae
1328 4249 1411 4299 Evau-

212 4383 213 4388 ,
290 4337 561 4401 gelicae-Lutherauae
579 4337 601 4390 ll
619 4338 679 4390 o'oll.
708 4339 812 4407 Lipsiae
830 4339 965 4398 1814-18
983 4339 1061 4390 editio
1079 4337 1122 4391 lV.
1148 4339 1223 4390 18³8.
1244 4335 1294 4395 vol,
1316 4334 1412 4401 rste

289 4439 312 4489 p.
333 4424 385 4474 let
403 4439 457 4490 sqq.
