3260 5058
653 391 1001 500 -coo-

266 625 334 670 oum
357 625 392 670 eo
414 609 553 672 convenit
574 609 852 690 Schelliugius
886 610 918 672 in
951 609 1051 689 priore
1082 628 1136 672 sua
1167 612 1395 696 philosophicae

266 715 418 780 doetrinae
427 718 673 794 conformatione,
697 719 723 780 si
746 737 772 780 e.
797 738 825 799 g.
850 719 924 782 haec
946 720 1007 782 lere
1028 717 1116 780 verba
1140 720 1285 801 legimus:
1311 727 1392 804 „llus

266 827 369 907 „quoti
390 827 489 907 ipsum
511 827 626 902 solum,
661 828 747 908 qumi
776 847 857 890 mena
880 828 979 890 unitas
1009 834 1106 904 esset,
1143 834 1313 898 necessario
1335 845 1388 900 ost.

266 937 389 1016 „ltaque
417 937 443 1002 si
464 945 615 1018 umquam
646 955 740 1002 unum
768 955 835 1000 esse
858 936 953 1019 ⁸dehet
975 938 1006 1000 iu
1035 947 1131 1002 semet
1153 940 1219 1020 ipso
1242 963 1274 1006 so
1296 946 1391 1008 maui-

266 1048 374 1122 „lestet
396 1063 518 1110 necesso
540 1055 603 1124 est;
627 1047 678 1112 sed
702 1047 891 1110 manifestare
913 1066 946 1110 se
963 1047 1078 1127 nequit,
1103 1048 1129 1110 si
1146 1049 1245 1131 ipsum
1261 1060 1387 1130 tantum,

266 1174 347 1232 „non
370 1155 402 1218 in
432 1175 465 1218 se
486 1156 552 1236 ipso
581 1156 661 1220 aliud
688 1164 718 1218 et
740 1156 771 1220 in
801 1157 859 1218 hoc
886 1157 945 1220 alio
974 1157 1030 1236 ipsi
1062 1157 1120 1220 sibi
1150 1179 1244 1222 unum
1266 1163 1323 1224 hoc
1345 1173 1388 1226 est

266 1265 383 1342 „vivum
413 1266 536 1328 omuino
565 1265 612 1326 soi
641 1265 737 1346 ipsius
767 1273 796 1328 et
825 1265 875 1328 alii
905 1265 1060 1347 cuiusdam
1089 1267 1237 1332 vinculum
1260 1270 1383 1348 est“¹¹).

266 1375 398 1454 Denique
427 1383 458 1438 et
487 1374 676 1455 Hegelius
705 1393 760 1438 ens
789 1375 960 1440 absolutum
989 1395 1143 1457 personam
1171 1377 1229 1439 sive
1249 1388 1380 1442 mentem

266 1484 313 1546 'sui
336 1483 430 1563 ipsius
453 1485 603 1550 consciam
626 1503 692 1550 esse
714 1485 859 1566 negabat,
895 1487 920 1548 si
943 1486 1064 1548 disertis
1090 1485 1185 1548 uerbis
1212 1486 1308 1566 „ipsa“
1331 1487 1377 1548 in-

267 1593 333 1674 quit
355 1613 454 1675 „quae
480 1596 572 1660 menti
595 1595 748 1660 absolutae
770 1597 912 1678 competit
934 1597 981 1660 sui
1008 1597 1104 1676 ipsius
1134 1595 1308 1658 conscientia
1336 1603 1380 1656 est

266 1703 401 1784 „religio
434 1704 512 1768 liaeo
533 1713 632 1768 autem
655 1712 702 1768 est
723 1705 846 1770 seientia
868 1706 977 1770 meotis
999 1705 1116 1768 (livinae
1138 1706 1175 1768 de
1197 1723 1229 1766 se
1251 1704 1312 1784 ipsa
1333 1721 1386 1782 per

267 1821 418 1890 „montem
441 1815 565 1878 linitam.
611 1814 654 1878 lte
686 1815 804 1878 tandem
833 1815 938 1895 religio
961 1833 1021 1878 nou
1044 1821 1091 1878 est
1111 1814 1243 1878 hominis
1264 1811 1387 1891 alicujus

266 1941 346 1998 „nes
371 1923 424 1986 sed
446 1941 478 1986 re
500 1942 568 1986 vena
591 1941 727 1988 summus
749 1923 833 1986 ideae
855 1923 1008 1988 absolutae
1029 1923 1116 1999 finis,
1141 1943 1218 2005 quae
1241 1922 1387 2002 seipsam

267 2031 411 2108 „delinire
433 2031 537 2108 debet,
575 2038 610 2094 ut
630 2031 686 2096 hae
715 2033 887 2096 delinitione
917 2033 963 2096 suti
993 2032 1089 2112 ipsius
1119 2032 1302 2096 conscientia
1329 2032 1387 2092 liat.

266 2140 415 2216 „Densis
437 2140 469 2202 in
492 2159 524 2204 se
547 2141 612 2222 ipso
634 2147 734 2204 motus
756 2148 816 2214 est,
840 2142 892 2220 qui
915 2161 947 2204 se
970 2141 1068 2220 ipsum
1093 2141 1210 2204 linitum
1233 2142 1304 2204 facit
1325 2139 1392 2202 tini-

266 2259 411 2326 „tumque
432 2267 537 2312 rursus
560 2249 590 2310 in
612 2265 645 2308 se
666 2247 772 2325 recipit
800 2266 895 2325 eoquo
926 2247 1130 2308 tantummodo
1153 2245 1232 2308 Deus
1260 2256 1324 2324 est3
1360 2249 1393 2310 in

267 2361 386 2432 „mente
409 2354 457 2416 sui
480 2354 573 2436 ipsius
596 2353 732 2430 conscia,
764 2361 911 2433 quatenus
933 2374 965 2416 se
988 2362 1021 2418 ut
1043 2354 1156 2416 finitam
1179 2353 1274 2430 tollit,
1309 2354 1393 2418 Deus

266 2465 325 2542 „ou
348 2483 380 2527 se
402 2464 481 2528 redit
502 2471 532 2528 et
552 2464 632 2530 Deus
654 2463 730 2526 nihil
752 2463 832 2526 aliud
855 2473 901 2528 est
922 2463 980 2526 nisi
1003 2463 1068 2544 ipse
1089 2463 1139 2526 hic
1150 2462 1273 2526 reditus.
1305 2463 1392 2524 llens

267 2576 424 2654 „absoluta
453 2576 550 2657 primo
580 2583 626 2640 est
655 2574 712 2638 sihi
742 2574 799 2655 ipsi
829 2575 994 2656 apparens3
1028 2574 1092 2655 ipsa
1122 2573 1188 2654 ejus
1209 2572 1324 2652 speeies
1346 2582 1393 2634 est

267 2705 389 2766 „renum
418 2695 543 2762 natura3
587 2692 715 2748 attamen
747 2703 807 2746 non
837 2704 983 2766 apparens
1014 2685 1129 2758 solum,
1164 2683 1215 2746 seul
1246 2682 1303 2762 ipsi
1332 2682 1390 2744 sibi

267 2813 444 2875 „apparens
469 2814 530 2858 nou
552 2813 607 2874 pro
630 2794 728 2874 aliqua
751 2813 783 2854 re
802 2794 899 2858 solum
917 2794 969 2858 sed
986 2813 1041 2875 pro
1054 2813 1086 2856 se
1101 2793 1168 2872 ipso
1184 2810 1250 2854 esse
1264 2791 1391 2872 ideoque

267 2904 335 2980 „sui
358 2912 391 2964 ut
412 2903 522 2966 mentis
551 2902 731 2966 conscientia
763 2911 817 2964 est.
862 2905 969 2966 Nostra
992 2904 1114 2982 quidem
1137 2902 1282 2966 essentiae
1304 2902 1389 2966 abso-

232 3015 236 3022 '
268 3011 368 3088 „lutae
390 3009 545 3092 conceptio
574 3009 638 3088 ipsa
661 3009 790 3072 essentia
811 3009 948 3074 absoluta
970 3019 1033 3086 est,
1068 3011 1121 3072 sed
1151 3011 1181 3074 in
1205 3031 1238 3074 ea
1262 3011 1386 3076 essentia

267 3121 368 3198 „Deus
390 3138 451 3182 non
473 3119 554 3182 omni
577 3138 613 3182 ex
633 3125 718 3202 parte
736 3120 890 3184 conlectus
906 3115 968 3198 est}
992 3139 1061 3184 uam
1080 3139 1140 3182 non
1153 3122 1280 3184 essentia
1293 3121 1387 3182 solunt

268 3231 350 3308 „sivo
375 3249 450 3314 quae
473 3231 680 3298 tantummodo
702 3230 739 3294 ad
761 3231 971 3312 cogitationem
988 3231 1074 3307 valet,
1099 3231 1152 3294 sed
1169 3250 1201 3294 ue
1217 3249 1284 3292 vera
1302 3230 1390 3294 etiam

267 3341 460 3418 „exsistentia
493 3341 609 3404 numini
643 3341 743 3406 divino
776 3342 926 3423 competit.
983 3341 1163 3406 Exsistentia
1195 3340 1260 3420 ejus
1293 3339 1388 3420 quoad

268 3451 449 3528 „essentiam
471 3461 572 3515 nostre
595 3450 632 3512 de
654 3470 690 3512 eo
712 3451 849 3530 cogitatio
871 3459 933 3526 est,
968 3469 1001 3512 re
1029 3469 1097 3512 veru
1127 3449 1192 3530 ejus
1221 3449 1389 3514 exsistentia

269 3567 457 3636 „esttecum
479 3568 601 3635 natura,
637 3560 684 3622 cui
714 3559 825 3639 singuli
854 3560 965 3640 quique
994 3559 1157 3638 cogitantes
1186 3560 1322 3624 insunt.“
1339 3556 1387 3638 ¹¹).

267 3668 370 3748 Neque
392 3675 490 3730 tamen
512 3668 604 3731 altera
626 3687 661 3730 ex
684 3675 766 3746 perte
789 3668 866 3730 inter
887 3667 1068 3732 recentiores
1090 3668 1284 3748 philosophos
1305 3669 1390 3732 theo·

260 3778 411 3858 logosque
444 3775 617 3849 datust-mn
652 3775 792 3855 quilici
826 3761 1018 3854 personae
1047 3777 1129 3840 sive
1158 3779 1299 3842 tuentis
1328 3777 1390 3842 sui

268 3953 571 3966 m

337 4060 382 4125 11)
408 4059 442 4112 el.
472 4058 693 4124 schellingii.-
722 4059 863 4126 Explicatio
887 4075 964 4112 verae
989 4063 1055 4114 inter
1077 4062 1256 4130 philosophiam
1283 4071 1388 4114 naturae

269 4143 475 4210 emendatumque
493 4144 584 4204 Fichtii
603 4144 742 4198 doctrinam
759 4145 866 4200 rationis
884 4162 908 4214 p.
930 4149 971 4200 113.

336 4253 382 4319 12)
406 4253 439 4308 cf.
470 4253 614 4318 lleseliit
647 4253 820 4324 Philosophia·
835 4255 966 4322 religionis
989 4257 999 4309 l
1025 4259 1083 4312 122.
1110 4260 1167 4312 129.
1189 4260 1247 4310 tas.
1277 4259 1388 4314 Historia

268 4338 440 4406 philosophica
457 4339 490 4390 lll
508 4340 549 4391 16.
