3236 5076
672 1019 675 1026 ‚
718 899 875 982 emor
904 899 969 982 ur.

560 1113 765 1186 uertesll
797 1113 1117 1196 erraneum.

368 1417 433 1482 lam
463 1415 635 1482 accedimns
664 1417 700 1478 ad
730 1435 764 1480 ea
794 1425 946 1498 tempora,
981 1415 1089 1498 quibus
1119 1415 1232 1477 sincera
1260 1414 1407 1496 evangelii

283 1525 1028 1608 doctrinanvirissuprmevenerandisbuthero
1051 1525 1173 1606 inquam
1196 1525 1407 1606 etZuinglio

283 1651 313 1702 et
335 1635 500 1702 Calvino
523 1645 552 1698 et
573 1636 823 1699 llelanthone
853 1655 1016 1716 eorumque
1045 1635 1135 1697 sociis
1157 1655 1173 1696 a
1196 1635 1408 1697 traditionibus

283 1749 422 1816 humanis
452 1747 574 1810 liberata
605 1755 634 1809 et
663 1747 761 1808 denuo
791 1745 935 1808 illustrata
958 1754 987 1807 et
1009 1764 1094 1820 nior,
1129 1753 1163 1806 ut
1185 1753 1230 1806 est
1251 1744 1338 1806 insita
1360 1745 1407 1806 vis

284 1858 415 1920 veritalis
437 1857 468 1918 in
491 1875 596 1918 omnes
618 1864 712 1918 terras
734 1863 893 1938 propagata
916 1863 988 1916 erat.
1033 1853 1071 1916 Et
1093 1855 1262 1916 conditores
1284 1853 1406 1934 quidem

284 1955 426 2030 eeclesiae
448 1971 567 2026 nostrae
589 1965 645 2026 hac
666 1965 697 2025 in
720 1983 754 2026 re
776 1984 896 2027 omnem
919 1983 1038 2046 operam
1061 1982 1167 2024 navare
1190 1961 1347 2037 dehebant,
1373 1971 1407 2024 ut

284 2095 393 2158 purum
423 2073 502 2156 quod
532 2082 776 2156 recuperaverant
805 2075 988 2156 evangelium
1015 2075 1155 2136 adversus
1177 2093 1281 2136 ornnes
1303 2073 1406 2134 adver-

285 2184 430 2248 sariorum
455 2202 572 2250 errores
595 2181 815 2262 acerrimusque
845 2201 933 2263 saepe
955 2183 1084 2264 impetus
1107 2183 1302 2244 defenderent
1323 2183 1405 2244 etin

285 2293 392 2356 animis
425 2293 581 2354 hominum
614 2293 777 2354 firmarent.
822 2292 914 2356 Primi
947 2301 1045 2354 autem
1075 2303 1232 2355 renovatae
1263 2291 1406 2354 eeclesiae

286 2403 414 2482 theologi
444 2402 474 2464 id
496 2401 654 2484 praecipue
677 2400 851 2480 studebant,
886 2411 920 2464 ut
948 2403 1139 2463 lundamenta
1161 2401 1244 2484 quasi
1267 2401 1403 2478 aedilicii,

285 2513 365 2598 quod
395 2513 605 2579 reformatores
631 2512 794 2574 conderent
823 2531 927 2594 magna
958 2511 1115 2594 sagacitate
1145 2520 1175 2573 et
1203 2512 1293 2574 veluti
1319 2512 1406 2573 seho-

285 2623 386 2688 laslica
416 2621 564 2686 interdum
594 2623 755 2686 subtilitate
786 2623 975 2703 explicarent.
1020 2623 1123 2704 ltaque
1152 2642 1185 2684 ea
1216 2621 1405 2703 potissimum

286 2735 422 2816 dogmata
453 2752 528 2814 quae
558 2733 589 2793 in
619 2733 818 2794 controversia
847 2733 1041 2794 versabantur
1071 2740 1103 2794 ut
1132 2751 1159 2793 e.
1190 2751 1219 2814 g.
1251 2733 1287 2793 de
1316 2731 1406 2792 verbo

287 2841 385 2902 divino
408 2850 438 2902 et
459 2842 667 2904 traditionibus
685 2843 837 2918 humanis,
862 2844 898 2904 de
920 2833 978 2904 fide
1001 2851 1030 2904 et
1052 2843 1202 2924 operibus,
1227 2843 1264 2904 de
1285 2841 1406 2926 peccato

287 2949 424 3032 originali
447 2959 476 3011 et
498 2950 592 3010 libero
614 2949 746 3024 arbitrio,
772 2951 808 3011 de
825 2952 1016 3013 sacramentis
1040 2952 1076 3012 de
1098 2959 1242 3032 potestate
1265 2951 1406 3013 ecclesiae

287 3079 422 3142 quaeque
443 3059 499 3122 alia
522 3079 590 3121 eum
612 3059 660 3122 his
682 3060 880 3122 cohaerebant
901 3081 917 3122 a
940 3061 1096 3142 principiis
1120 3063 1329 3138 tractabantur,
1354 3061 1407 3124 sed

287 3190 347 3232 non
371 3171 459 3232 modo
482 3171 586 3232 eodem
609 3171 677 3247 illa,
712 3171 880 3251 dequibus
909 3179 1034 3250 utraque
1063 3172 1187 3233 eeclesia
1218 3192 1286 3232 eum
1315 3171 1407 3232 altera

288 3281 492 3344 consentiebat
514 3287 547 3344 ut
568 3301 594 3356 v.
618 3301 647 3362 g.
672 3281 709 3343 de
731 3281 793 3344 lleo
816 3281 942 3364 ejusque
964 3281 1102 3344 essentia.
1149 3282 1225 3343 Hinc
1247 3282 1352 3355 fiebat,
1376 3280 1407 3341 id

288 3391 367 3472 quod
396 3391 433 3452 ad
457 3399 588 3453 nostram
610 3392 816 3472 quaestionem
840 3391 986 3472 pertinet,
1022 3400 1055 3454 ut
1081 3399 1178 3452 vetera
1207 3391 1255 3452 illa
1286 3391 1323 3452 ad
1353 3389 1407 3452 Dei

289 3500 490 3560 exsistentiam
529 3500 712 3578 probandam
752 3509 925 3580 argumenta
965 3501 1115 3579 prioribus
1156 3519 1226 3562 sane
1266 3499 1407 3562 ecelesiae

288 3615 406 3668 nostrae
428 3607 614 3686 temporibus
636 3627 691 3668 neo
714 3607 821 3669 iterum
847 3618 1073 3670 recenserentur
1096 3629 1150 3670 nec
1172 3609 1300 3690 amplius
1323 3627 1408 3669 exco-

289 3715 431 3777 lerentur.
478 3713 527 3775 Sic
549 3715 770 3776 Melanthon
794 3715 825 3776 in
849 3715 1041 3776 celeberrimo
1064 3735 1119 3778 suo
1142 3719 1230 3794 libro,
1255 3717 1407 3797 quiLoei

289 3823 509 3904 theologici
532 3821 706 3884 inscribitur
722 3821 767 3900 ¹):
791 3822 919 3884 Proinde
932 3843 991 3884 non
1004 3833 1058 3902 est,
1082 3827 1190 3906 inquit,
1214 3827 1408 3888 curmultum

290 3954 396 4016 operae
418 3952 564 4015 ponamus
594 3933 624 3994 in
647 3931 721 3993 locis
743 3933 803 3994 illis
833 3933 980 4012 supremis
1004 3935 1040 3996 de
1064 3935 1142 4012 lieo,
1178 3937 1214 3998 de
1243 3937 1356 3998 unitate
1379 3942 1410 3996 et

289 4045 419 4107 trinitate
446 4043 516 4120 nei,
552 4043 589 4104 de
618 4043 758 4124 mysterio
787 4043 964 4120 creationis,
999 4045 1036 4108 de
1065 4047 1154 4108 modo
1184 4043 1406 4108 incarnationis,

358 4321 387 4386 1)
406 4319 439 4371 ol.
458 4319 665 4373 Melanthou:
687 4319 750 4372 Loci
768 4321 902 4386 theologici
921 4323 960 4372 ed.
980 4322 1089 4386 Augusti
1106 4339 1130 4390 p.
1150 4324 1168 4374 8
1185 4337 1238 4388 sqq.
