3236 5076
602 463 924 529 *15*

134 703 142 720 ,
199 650 230 710 in
272 633 371 709 ruente
413 645 543 706 bumana
575 645 791 723 praeformatae
832 643 1030 719 (notiones
1070 623 1323 704 universales

200 751 449 820 universalia
479 761 569 814 ante
602 757 699 829 res),
735 751 796 813 sive
828 759 860 813 ut
887 749 1128 813 Aristoteles
1158 771 1193 814 ex
1221 769 1322 814 rerum
1441 747 1444 754 '

201 867 309 948 quibus
338 867 420 946 ipsae
450 864 553 925 insunt
581 861 785 924 observatione
814 861 984 942 designatae
1014 861 1126 923 luerint
1148 861 1324 938 (univer-

203 977 301 1038 salia
324 976 361 1036 in
386 974 521 1047 rebus,
556 989 598 1034 ex
621 971 758 1047 rebus,
793 975 998 1052 postres);
1033 989 1077 1032 an
1109 989 1153 1034 ne
1179 971 1324 1033 visibi-

204 1086 296 1148 lium
320 1085 475 1165 quidem
506 1082 644 1144 nedum
674 1081 1005 1161 intelligibilium
1036 1101 1163 1143 rerum
1187 1099 1325 1144 essen-

204 1195 293 1256 tiam
316 1211 356 1256 re
377 1212 465 1254 rera
488 1192 745 1254 continerent
768 1191 818 1252 sed
842 1191 954 1270 signa
977 1192 1076 1272 potius
1099 1191 1143 1252 rel
1166 1191 1323 1255 nomina

204 1305 345 1384 quaedam
376 1303 413 1365 ab
435 1301 585 1364 intellectu
608 1301 739 1362 humano
766 1301 804 1362 ad
834 1319 882 1362 res
904 1301 1109 1381 percipiendas
1132 1303 1255 1363 formata
1279 1321 1325 1363 es-

203 1421 278 1476 sent
322 1413 375 1474 Illa
407 1411 551 1473 sententia
584 1409 805 1472 Realismus
835 1409 907 1471 haec
935 1411 1247 1473 Nominalismus
1275 1431 1325 1472 ro-

203 1531 296 1586 catur.
332 1523 435 1601 ltaque
457 1521 719 1601 quillealismo
741 1519 850 1580 addicti
871 1527 956 1582 erant
978 1521 1009 1582 in
1029 1521 1242 1583 elucubrandis
1259 1521 1321 1582 illis

202 1651 257 1714 pro
279 1632 332 1694 oet
355 1630 525 1693 exsistentia
547 1629 729 1710 argumentis
752 1629 910 1710 diligenter
932 1649 1052 1710 operam
1077 1629 1231 1706 navabant,
1255 1631 1324 1711 quia

203 1743 348 1804 tutieneut
371 1742 530 1802 humanam
551 1757 602 1800 res
623 1739 788 1800 invisibiles
811 1747 841 1800 et
862 1739 1054 1820 intelligendo
1076 1747 1191 1801 tantum
1214 1755 1325 1819 cogno-

206 1852 330 1913 scendas
359 1850 510 1931 percipere
542 1869 629 1929 posse
661 1849 868 1925 confidebant;
902 1849 954 1928 qui
984 1867 1052 1910 vero
1080 1847 1327 1910 Nominalis·

206 1977 302 2022 mum
325 1959 525 2038 sequebantur
545 1977 581 2020 ex
603 1959 767 2020 sententiae
789 1977 860 2021 suae
882 1957 1037 2038 principiis
1049 1957 1101 2020 oei
1124 1957 1325 2022 exsistentiam

207 2071 276 2131 ullis
304 2071 451 2130 humanae
480 2069 602 2130 rationis
634 2069 817 2150 argumentis
850 2067 1031 2130 demonstat-i
1059 2087 1148 2148 posse
1177 2069 1326 2148 negabant

206 2179 551 2259 dernenstmtionumque
584 2199 661 2259 quae
690 2179 934 2259 proponebantur
965 2177 1166 2240 infirmitatem
1201 2189 1230 2239 et
1258 2179 1326 2240 vitia

204 2309 309 2370 magna
332 2307 420 2370 saepe
440 2290 600 2368 sagacitate
622 2289 847 2368 patefaciebant.

288 2401 354 2462 lam
387 2417 456 2459 vero
489 2399 569 2476 quod
602 2397 707 2460 attinet
738 2397 775 2459 ad
808 2406 1017 2478 argumentum
1055 2397 1326 2478 ontologicum

204 2510 301 2570 rarius
322 2509 382 2568 illis
403 2506 587 2586 temporibus
609 2525 699 2585 quam
722 2513 817 2568 cetera
840 2490 1185 2587 physico-theologicum,
1209 2515 1240 2568 et
1261 2525 1327 2569 cos·

205 2617 384 2694 molegioum
414 2621 443 2676 et
473 2614 603 2675 ethicum
626 2614 824 2676 excolebatur.
869 2617 980 2678 'lamen
1003 2635 1081 2680 unus
1103 2617 1260 2696 praecipue
1282 2617 1327 2678 vir

207 2726 313 2785 domus
335 2723 456 2797 exstitit,
477 2722 530 2802 qui
546 2722 581 2783 ad
601 2723 779 2786 firmandum
798 2735 1004 2804 argumentum
1022 2725 1221 2806 ontologicttm
1238 2733 1328 2786 omne

206 2834 317 2914 ingenii
340 2851 465 2896 acumen
486 2833 647 2896 adhibebat
669 2853 793 2914 eamque
814 2837 1097 2900 tletnonstrationem
1116 2835 1202 2918 ctrjus
1219 2835 1257 2898 ab
1268 2838 1327 2897 Au-

205 2945 325 3024 gastiuo
347 2950 376 3004 et
400 2943 522 3004 boethio
545 2943 626 3004 initia
650 2945 799 3024 proposita
823 2957 908 3007 erant
928 2946 964 3007 ad
984 2965 1120 3026 magnum
1137 2945 1326 3026 perfeetionis

204 3056 328 3134 gradum
352 3054 511 3115 excolebat.
558 3055 586 3114 ls
609 3061 672 3115 erat
693 3055 901 3116 anselmus
931 3055 1143 3117 celeberrimus
1165 3056 1215 3136 qui
1240 3067 1326 3116 natus

205 3173 284 3225 anno
303 3161 386 3226 1033
398 3165 544 3242 Augustae
564 3163 728 3242 praetoriae
746 3164 777 3225 in
798 3165 908 3244 oppido
920 3165 1030 3226 Galliae
1042 3165 1270 3244 Transpadanos
1288 3163 1326 3225 ab

206 3291 284 3334 anuo
308 3270 389 3335 1063
418 3291 515 3352 usque
544 3274 579 3334 atl
609 3291 721 3336 annum
752 3271 834 3336 1093
865 3275 945 3352 prior
975 3282 1004 3334 et
1032 3273 1124 3334 abbas
1153 3273 1325 3334 monasterii

207 3381 359 3461 cujusdam
382 3382 602 3442 inNormandia
626 3372 774 3462 prolincia
795 3383 905 3444 Galliae
927 3383 974 3444 cui
998 3399 1106 3444 nomen
1132 3383 1188 3444 Bec
1210 3391 1274 3442 erat
1296 3391 1327 3443 et

207 3491 276 3553 inde
299 3491 452 3569 usquead
475 3509 586 3552 matun
610 3489 693 3553 atos
722 3509 780 3570 quo
810 3493 888 3552 aliem
919 3509 1092 3570 supremum
1119 3491 1192 3553 obiit
1213 3491 1342 3553 archis-¹

206 3601 347 3680 piscopos
370 3601 591 3662 (latrinariensis
621 3601 686 3662 luit.
734 3601 825 3680 Cujus
855 3611 1061 3680 argumentum
1089 3621 1170 3664 nunc
1199 3603 1326 3681 amplius

207 3703 453 3772 considerandum
483 3709 569 3770 nobis
599 3709 664 3770 erit.
711 3709 898 3788 Propositum
929 3715 977 3770 est
1003 3711 1032 3771 in
1056 3711 1121 3792 ejus
1143 3711 1238 3787 libro,
1275 3711 1353 3790 qui*

206 3818 396 3880 inscribitur:
431 3819 681 3897 Proslogium
697 3817 726 3894 ¹)
756 3818 808 3880 ubi
831 3819 927 3898 capite
948 3819 975 3880 ll
998 3819 1038 3881 lll
1060 3829 1090 3882 et
1112 3821 1147 3882 lv
1169 3823 1242 3883 haee
1263 3821 1326 3883 llere

205 3929 293 3989 verba
313 3929 458 4008 legimus:
495 3928 620 3989 [lamine
642 3928 710 4007 quia
733 3928 785 3988 das
808 3927 876 3988 littei
899 3927 1093 4006 intellectum,
1118 3931 1153 3992 da
1177 3928 1267 4006 mihi,
1291 3938 1327 3992 ut

206 4047 348 4116 quantum
372 4037 430 4098 scis
453 4038 591 4116 expedire
618 4037 781 4116 intelligam
811 4037 900 4116 qttia
932 4055 971 4098 es
1000 4039 1103 4100 sicut
1129 4032 1338 4102 credimus

275 4297 302 4360 t)
329 4295 474 4346 Anselmi
502 4295 774 4347 Cantuariensis:
811 4297 1053 4363 Operaomniaed.
1075 4257 1215 4350 Gerberon.
1253 4298 1325 4349 Paris

207 4379 271 4430 ttat
291 4379 345 4428 init.
1287 4391 1289 4398 ⁴
