3260 5058
661 449 983 518 -92-..

262 645 329 690 vere
357 627 504 690 exsistens
533 645 593 690 nnn
622 629 719 691 solum
749 629 864 692 notioni
887 647 970 692 meae
998 628 1197 710 analytice
1226 627 1302 704 (sive
1330 647 1385 709 per

150 807 155 814 ‚
262 737 501 817 explicationem)
525 738 614 814 inest,
638 739 691 800 sed
714 739 802 800 etiam
818 739 855 800 ad
871 740 1022 801 notionem
1039 757 1136 800 meam
1159 739 1384 818 syntheticc

262 852 338 925 (sive
360 865 414 929 por
435 849 631 929 positionem)
653 851 783 922 accedit,
807 851 864 911 hac
885 858 984 912 temen
1007 850 1139 925 ratione,
1174 858 1208 911 ut
1228 867 1283 928 per
1303 849 1385 910 illam

263 959 484 1034 exsistentiam,
519 977 595 1039 quae
618 966 818 1022 extra-meam
842 960 994 1022 notionem
1016 966 1079 1034 est,
1110 959 1171 1022 llcti
1193 959 1241 1020 isti
1264 966 1385 1020 centum
1499 943 1501 948 ¹

263 1069 368 1130 thaleri
399 1087 437 1130 ne
469 1068 624 1131 minimum
656 1070 775 1149 quidem
805 1077 981 1147 augeantur.
1024 1069 1130 1130 Nostra
1154 1068 1246 1148 igitur
1267 1067 1310 1128 rei
1332 1067 1386 1128 ali·

263 1177 348 1258 cujus
371 1178 453 1238 notio
475 1178 592 1257 quidvis
614 1187 644 1240 ct
662 1179 852 1258 quantumvis
873 1179 1031 1250 contineat,
1056 1177 1267 1258 egrediendum
1289 1185 1384 1239 tamen

263 1307 296 1347 ex
320 1305 354 1348 ea
376 1288 463 1348 nobis
485 1295 546 1363 est,
581 1296 615 1350 ut
636 1260 920 1350 exsistentiam⁴isli
951 1287 1128 1350 tribuamus.
1174 1287 1259 1358 Quod
1283 1288 1387 1350 attinet

262 1400 298 1460 ad
322 1415 370 1459 res
392 1397 531 1459 sensibus
564 1398 713 1478 subJectas
745 1399 803 1460 hoc
834 1399 868 1460 fit
897 1417 950 1478 per
978 1417 1104 1473 nexum,
1151 1398 1201 1478 qui
1232 1398 1292 1460 illis
1316 1415 1385 1460 cum

263 1508 361 1586 aliqua
392 1507 617 1586 perceptionum
646 1525 779 1568 mearum
810 1507 967 1570 intercedit
995 1508 1160 1570 secundum
1190 1507 1387 1587 experientiae

263 1618 361 1696 leges;
386 1618 437 1677 sed
460 1617 557 1697 quoad
581 1616 695 1696 objecto
719 1635 817 1678 merae
839 1617 1025 1697 cogitationis
1046 1637 1107 1678 non
1130 1617 1292 1692 habemus,
1328 1630 1387 1694 quo

264 1745 365 1790 eorum
386 1727 584 1789 exsistentium
605 1745 830 1807 cognoscamus,
855 1747 947 1807 quum
967 1745 1121 1808 prorsusa
1138 1728 1231 1808 priori
1249 1727 1387 1806 cognosci

264 1845 430 1918 oporteret,
460 1855 515 1898 nos
536 1845 635 1898 autem
659 1855 778 1898 omnem
802 1837 924 1899 omnino
947 1837 1149 1900 exsistentium
1171 1838 1313 1898 ‹liutuma
1335 1837 1388 1898 olr-

265 1947 429 2008 servatione
452 1947 599 2026 cognitam
623 1947 785 2022 hahemus3
810 1947 990 2022 exsistentia,
1015 1967 1102 2027 quam
1127 1948 1305 2028 experiendo
1328 1965 1387 2008 non

265 2057 492 2136 cognoscimus,
526 2075 588 2118 nnn
614 2057 733 2136 quidem
757 2057 859 2136 utique
885 2057 1082 2137 impossibilis
1111 2057 1253 2119 declarari
1279 2063 1387 2137 potest,

266 2167 317 2228 sed
341 2175 440 2228 temen
463 2167 574 2228 sumtio
597 2173 659 2240 est,
695 2185 783 2245 quem
806 2167 889 2227 nullo
919 2167 1008 2228 modo
1033 2167 1196 2247 justificare
1218 2185 1388 2247 possumus.

265 2275 353 2336 Notio
376 2274 453 2335 entis
475 2275 611 2336 absolute
633 2275 741 2336 summi
759 2275 862 2336 multis
880 2275 1047 2336 rationibus
1066 2276 1222 2338 utilissima
1240 2277 1291 2338 sed
1310 2295 1389 2338 mera

266 2383 331 2444 idea
355 2390 402 2445 est
423 2384 555 2462 ideoque
578 2402 632 2463 per
661 2401 693 2444 se
722 2384 815 2444 solam
846 2391 978 2446 nostram
1008 2385 1073 2465 ejus
1096 2386 1175 2466 quod
1198 2403 1231 2447 re
1252 2403 1319 2446 vera
1342 2405 1390 2448 ex·

204 2555 206 2559 ,
266 2493 344 2555 sistit
374 2493 574 2573 cognitionem
609 2493 783 2574 amplificari
816 2513 941 2574 prorsus
974 2495 1087 2575 nequit.
1132 2495 1176 2556 Ne
1209 2495 1240 2558 in
1273 2503 1387 2558 tautum

266 2605 385 2684 quidem
408 2605 501 2678 valet,
536 2611 570 2666 ut
592 2605 670 2684 quod
701 2604 737 2666 ad
767 2605 921 2684 possibilia
951 2605 1055 2667 attinet
1084 2605 1169 2685 plura
1196 2623 1253 2667 nos
1274 2606 1388 2670 doceat.

265 2715 338 2776 Nota
372 2697 493 2794 quidem
527 2714 729 2793 analytica
763 2715 985 2794 possibilitatis,
1020 2733 1096 2795 quae
1125 2716 1156 2776 in
1183 2733 1219 2776 eo
1241 2715 1387 2788 consistit,

266 2825 346 2902 quud
376 2824 456 2886 solae
485 2825 649 2904 positiones
673 2824 839 2900 (veritates)
869 2825 1132 2886 contradictionem
1155 2843 1216 2886 non
1239 2824 1391 2886 involvunt

266 2933 292 2994 ei
316 2933 459 3012 competit
480 2934 532 2994 sed
555 2952 648 3012 quum
670 2933 805 2994 omnium
827 2951 962 2994 verarum
984 2934 1159 3012 qualitatum
1183 2934 1213 2994 in
1237 2934 1334 3013 aliqua
1357 2951 1390 2994 re

266 3042 438 3122 conjunctio
460 3042 666 3122 synthesis
693 3042 763 3116 sit,
799 3041 886 3121 cujus
908 3042 1134 3121 possibilitatem
1158 3062 1174 3104 a
1197 3043 1289 3123 priori
1313 3043 1391 3124 diju-

267 3153 366 3213 dicare
388 3171 448 3212 nou
472 3169 650 3232 possumus,
685 3152 755 3232 quia
786 3151 921 3212 veritates
950 3151 1038 3212 nouis
1067 3152 1187 3232 proprie
1217 3153 1303 3214 datae
1328 3171 1390 3214 non

266 3269 337 3324 sunt
359 3281 455 3341 neque
485 3262 600 3324 etiamsi
623 3263 680 3324 hoc
702 3264 787 3324 lleret
808 3261 930 3322 omnino
951 3261 1018 3341 ejus
1040 3262 1083 3322 rei
1106 3261 1286 3342 judicandae
1308 3270 1391 3342 pote·

148 3427 156 3442 ,
267 3380 370 3434 statem
395 3373 557 3448 habemus,
592 3373 662 3453 quia
685 3381 753 3434 nota
776 3372 982 3452 possibilitatis
1005 3372 1206 3451 cognitionem
1228 3373 1391 3452 synthe-

268 3483 432 3543 tioarum
455 3484 594 3544 diuturna
618 3502 736 3563 semper
757 3483 961 3544 observatione
984 3482 1086 3561 quaeri
1108 3481 1206 3557 dehet,
1231 3481 1278 3542 cui
1291 3491 1390 3542 tamen

267 3591 331 3653 idea
355 3592 486 3671 subjecta
510 3611 576 3654 esse
597 3593 717 3671 nequit:
750 3593 836 3671 longe
859 3592 942 3653 abest
968 3591 1039 3671 quin
1063 3591 1258 3653 celeberimus
1276 3591 1389 3652 Leib-

266 3701 395 3762 nitius
425 3702 580 3780 perfecerit
602 3703 681 3780 quod
712 3701 866 3780 sperabat,
902 3703 964 3762 lore
994 3707 1028 3761 ut
1056 3701 1282 3780 possibilitatem
1313 3700 1390 3762 entis

268 3819 326 3872 tam
351 3811 457 3871 excelsi
488 3829 523 3872 uc
551 3812 659 3872 summi
689 3830 705 3871 a
736 3811 828 3891 priori
858 3810 1046 3888 intelligeret.
1099 3811 1201 3890 ltaque
1230 3811 1261 3872 in
1289 3811 1390 3872 elucua

266 3921 383 3982 brando
406 3920 599 3982 celeberrimo
621 3919 673 3982 illo
694 3939 748 4001 pro
771 3919 940 3982 exsistentia
958 3919 1067 3980 summi
1087 3920 1164 3981 entis
1182 3939 1198 3980 e
1218 3919 1390 3982 notionibus

268 4031 405 4094 desumto
428 4035 603 4110 argumento
630 4029 862 4110 ontologico
892 4029 988 4090 omnis
1012 4048 1101 4109 opera
1125 4037 1154 4090 et
1175 4027 1260 4090 labor
1280 4030 1388 4090 frustra

267 4142 434 4205 absumitur
455 4141 608 4220 nihiloque
628 4141 722 4222 magis
741 4142 831 4202 horno
853 4162 869 4202 e
892 4141 964 4202 solis
986 4141 1061 4202 ideis
1083 4140 1282 4220 cognitionem
1306 4158 1388 4200 suam

268 4260 390 4332 augeret
419 4271 507 4332 quam
541 4260 687 4313 mercator
716 4272 788 4332 opes
817 4253 843 4312 si
871 4271 1004 4312 summae
1034 4251 1226 4331 pecuniarum
1257 4269 1332 4332 quae
1358 4248 1388 4310 in
1428 4293 1430 4297 -

268 4363 383 4424 aerario
407 4371 476 4425 sunt
498 4381 566 4424 zero
589 4363 731 4425 nonnulla
753 4363 885 4428 adderet,
