3260 5058
687 827 844 959 curor
873 879 936 958 rr.

270 1093 428 1166 Proxlnte
451 1095 571 1178 allquot
592 1094 776 1174 emanente
798 1093 906 1158 nostro
929 1091 1103 1158 sentextlac
1126 1091 1348 1173 proponuntur.

765 1279 861 1288 ———

336 1402 398 1462 lloc
420 1418 512 1462 unuin
534 1398 597 1479 jani
621 1396 769 1476 reliquum
793 1396 880 1456 nobis
902 1415 967 1457 esse
989 1395 1121 1470 videtur,
1148 1405 1180 1456 ot
1202 1413 1273 1456 num
1296 1395 1372 1456 lorte

251 1512 399 1594 ejusmodi
421 1510 603 1584 sententiae,
639 1527 715 1587 quae
744 1526 812 1568 cum
843 1515 942 1567 nostra
973 1505 1225 1567 demonstratione
1248 1523 1373 1566 conseo·

252 1623 349 1694 liunt,
384 1619 533 1698 prioribus
563 1637 681 1698 quoque
712 1615 897 1695 temporibus
926 1615 957 1676 io
987 1615 1085 1675 medio
1115 1615 1284 1694 propositae
1314 1614 1373 1674 sint

256 1747 444 1808 quaeramus.
488 1728 526 1788 Et
555 1728 633 1788 siin
658 1726 706 1787 illa
731 1725 865 1800 saecula,
901 1743 976 1804 quae
1007 1723 1160 1803 religionis
1189 1723 1374 1784 Christianae

255 1839 462 1899 revelationem
485 1836 698 1898 antecedebant
720 1835 924 1914 regredimur,
945 1833 1007 1914 jam
1031 1832 1287 1894 celeberrimi
1310 1831 1374 1892 illi

254 1947 515 2027 antiquitatis
537 1945 770 2025 philosophi
793 1945 884 2006 multa
908 1952 937 2004 et
958 1943 1106 2022 praeclara
1131 1942 1167 2004 de
1190 1942 1261 2016 Deo,
1286 1961 1375 2021 quem

255 2065 384 2119 mentem
408 2057 454 2118 sui
477 2056 571 2136 ipsius
593 2057 740 2117 consciam
770 2058 861 2130 (vodo
884 2055 944 2114 sive
967 2054 1078 2134 λόγον)
1109 2071 1175 2113 esse
1205 2051 1377 2112 statuebant

255 2168 480 2242 disseruerunt3
515 2185 606 2245 quum
637 2166 795 2228 numinum
820 2165 987 2224 divinorum
1012 2162 1250 2236 multitudinem,
1286 2180 1375 2240 quarn

252 2278 452 2359 antiquissimi
487 2285 592 2357 poetae
626 2276 835 2355 sapientesque
875 2273 1114 2353 praedicaverant
1151 2272 1377 2351 communisque

252 2389 354 2467 populi
378 2389 452 2448 fides
475 2405 592 2447 summa
617 2385 666 2446 diu
691 2384 867 2446 verecundia
891 2382 1134 2462 amplectebatur,
1159 2401 1218 2442 non
1236 2390 1295 2443 lam
1312 2401 1377 2442 esse

254 2503 397 2572 negarent
419 2514 507 2572 quam
532 2495 568 2553 ad
591 2513 684 2554 unum
707 2511 760 2553 ens
783 2492 1029 2572 perfectissimum
1058 2493 1202 2551 referrent
1224 2492 1310 2570 eique
1332 2491 1378 2552 io-

257 2602 407 2662 tellectum
437 2620 585 2662 summam
617 2601 803 2661 exsistentiae
833 2603 956 2662 lormam
987 2600 1207 2662 attribuendum
1238 2620 1303 2662 esse
1326 2601 1378 2662 do-

258 2717 369 2770 cerent.
415 2710 456 2770 lla
477 2709 540 2789 jam
564 2710 746 2770 Socrates
769 2711 954 2788 perfectioris
977 2711 1194 2772 iotchraecos
1216 2710 1378 2789 sapientiae

257 2825 362 2880 auctor
394 2827 423 2880 et
456 2819 541 2899 quasi
575 2825 660 2898 pater
693 2819 812 2880 disertis
845 2820 961 2881 verbis:
996 2829 1046 2894 „et
1075 2819 1161 2880 insita
1186 2819 1258 2879 tibi“
1282 2820 1379 2899 inquit

256 2947 363 3004 „meos
385 2929 539 2989 rationalis
568 2948 677 3008 corpus
709 2938 791 2990 taum
822 2949 856 2991 cx
886 2931 1035 2992 volontate
1064 2949 1117 2990 sua
1147 2929 1232 3008 regit.
1277 2929 1379 3008 ltaque

255 3039 397 3114 „credere
420 3038 581 3114 debemus,
617 3039 736 3100 insitam
759 3059 878 3120 qnoque
902 3042 1038 3102 universo
1066 3039 1289 3118 intelligentiam
1314 3040 1380 3100 uni·

257 3166 395 3224 „versum
425 3149 507 3210 hunc
539 3167 638 3210 rerum
672 3149 808 3210 ordinem
843 3149 919 3210 sicut
952 3150 993 3210 illi
1029 3150 1124 3228 placet
1156 3149 1336 3209 ordinare.“
1355 3147 1378 3224 ¹)

255 3257 400 3318 Similiter
422 3277 542 3336 quoque
565 3257 813 3336 praestantissimi
844 3257 909 3336 ejus
932 3259 1063 3319 asseclae
1085 3257 1318 3337 philosophicam
1342 3259 1379 3319 de

254 3367 378 3427 nurnine
394 3366 493 3426 divino
511 3365 677 3427 doctrinam
694 3365 876 3427 excolebant.
923 3366 964 3426 lta
987 3367 1114 3440 Plato,
1139 3366 1253 3427 etiamsi
1276 3368 1379 3429 multis

254 3475 329 3536 locis
352 3476 433 3536 ideas
455 3494 539 3536 veras
562 3483 591 3536 ct
613 3475 844 3554 perfectissimas
863 3483 1010 3554 tamquam
1029 3475 1157 3536 universi
1174 3476 1262 3556 hujus
1275 3479 1379 3539 mundi

254 3585 380 3645 visibilis
403 3585 547 3664 imagines
570 3603 635 3645 esse
658 3585 779 3657 diceret,
805 3585 931 3644 divinam
958 3594 1053 3646 tamen
1077 3593 1204 3646 mentem
1228 3585 1380 3649 intellectu

223 3671 226 3676 ¹
254 3695 429 3774 praeditam,
454 3714 530 3774 quae
553 3713 657 3756 omnes
680 3694 710 3755 in
734 3693 916 3773 semetipso
939 3694 1020 3756 ideas
1036 3696 1201 3757 contineret
1224 3704 1253 3758 et
1274 3717 1380 3759 secun-

255 3805 325 3865 dum
350 3824 399 3865 eas
423 3804 588 3866 universam
613 3823 711 3864 rerum
735 3812 871 3864 naturam
894 3806 1094 3868 conformaret
1110 3806 1249 3868 exsistere
1266 3808 1377 3882 statuit,

254 3922 288 3974 ut
309 3914 335 3974 si
358 3915 431 3976 haec
453 3916 514 3975 lere
537 3913 625 3975 verba
648 3914 792 3993 legimus:
838 3915 998 3989 „Dicamus
1028 3917 1179 3996 prolecto,
1215 3935 1303 3994 quarn
1326 3935 1381 3996 per

254 4042 394 4100 „causam
419 4032 533 4085 creator
554 4024 649 4103 ipsam
666 4041 751 4086 suam
768 4024 947 4086 creationem
967 4034 1119 4105 totumque
1136 4025 1192 4086 hoc
1208 4024 1380 4086 universum

255 4133 473 4208 „constituerit
510 4133 703 4194 bonuserat:
727 4133 757 4193 in
780 4132 892 4196 bonum
910 4142 1007 4196 autem
1027 4135 1109 4196 nulla
1133 4153 1264 4214 unquam
1288 4135 1380 4197 ullius

323 4369 351 4431 1)
370 4366 402 4416 cl.
422 4366 619 4433 Xenophon:
649 4367 825 4419 Memorabilia
844 4367 956 4420 Socratis
973 4368 992 4428 l,
1014 4369 1039 4428 t,
1061 4371 1102 4422 17.
