<?xml version="1.0" encoding="UTF-8"?>
<!DOCTYPE html PUBLIC "-//W3C//DTD XHTML 1.0 Transitional//EN"
    "http://www.w3.org/TR/xhtml1/DTD/xhtml1-transitional.dtd">
<html xmlns="http://www.w3.org/1999/xhtml" xml:lang="en" lang="en">
 <head>
  <title>
</title>
<meta http-equiv="Content-Type" content="text/html;charset=utf-8" />
  <meta name='ocr-system' content='tesseract 3.04.00' />
  <meta name='ocr-capabilities' content='ocr_page ocr_carea ocr_par ocr_line ocrx_word'/>
</head>
<body>
  <div class='ocr_page' id='page_1' title='image "./deontologicopro00waltgoog_0101.png"; bbox 0 0 3272 5054; ppageno 0'>
   <div class='ocr_carea' id='block_1_1' title="bbox 687 435 1011 506">
    <p class='ocr_par' dir='ltr' id='par_1_1' title="bbox 687 435 1011 506">
     <span class='ocr_line' id='line_1_1' title="bbox 687 435 1011 506; baseline 0.003 -21"><span class='ocrx_word' id='word_1_1' title='bbox 687 435 1011 506; x_wconf 67' lang='lat' dir='ltr'><strong>...gg-</strong></span> 
     </span>
    </p>
   </div>
   <div class='ocr_carea' id='block_1_2' title="bbox 270 599 1483 1778">
    <p class='ocr_par' dir='ltr' id='par_1_2' title="bbox 270 599 1483 1778">
     <span class='ocr_line' id='line_1_2' title="bbox 281 599 1404 692; baseline 0 -10"><span class='ocrx_word' id='word_1_2' title='bbox 281 599 443 692; x_wconf 75' lang='lat' dir='ltr'><strong>nullom,</strong></span> <span class='ocrx_word' id='word_1_3' title='bbox 468 623 569 688; x_wconf 78' lang='lat' dir='ltr'><strong>ulrum</strong></span> <span class='ocrx_word' id='word_1_4' title='bbox 590 615 623 678; x_wconf 89' lang='lat' dir='ltr'><strong>io</strong></span> <span class='ocrx_word' id='word_1_5' title='bbox 644 615 796 680; x_wconf 79' lang='lat' dir='ltr'><strong>intellectu</strong></span> <span class='ocrx_word' id='word_1_6' title='bbox 818 625 933 680; x_wconf 73' lang='lat' dir='ltr'><strong>motum</strong></span> <span class='ocrx_word' id='word_1_7' title='bbox 955 636 994 682; x_wconf 85' lang='lat' dir='ltr'><strong>an</strong></span> <span class='ocrx_word' id='word_1_8' title='bbox 1016 618 1104 682; x_wconf 86' lang='lat' dir='ltr'><strong>stiam</strong></span> <span class='ocrx_word' id='word_1_9' title='bbox 1126 637 1160 680; x_wconf 86' lang='lat' dir='ltr'><strong>re</strong></span> <span class='ocrx_word' id='word_1_10' title='bbox 1181 637 1250 682; x_wconf 82' lang='lat' dir='ltr'><strong>vera</strong></span> <span class='ocrx_word' id='word_1_11' title='bbox 1271 619 1404 682; x_wconf 83' lang='lat' dir='ltr'><strong>exsistat.</strong></span> 
     </span>
     <span class='ocr_line' id='line_1_3' title="bbox 283 725 1405 809; baseline 0 -19"><span class='ocrx_word' id='word_1_12' title='bbox 283 726 369 799; x_wconf 83' lang='lat' dir='ltr'><strong>Quod</strong></span> <span class='ocrx_word' id='word_1_13' title='bbox 386 725 520 806; x_wconf 85' lang='lat' dir='ltr'><strong>-douique</strong></span> <span class='ocrx_word' id='word_1_14' title='bbox 550 726 587 790; x_wconf 87' lang='lat' dir='ltr'><strong>de</strong></span> <span class='ocrx_word' id='word_1_15' title='bbox 616 725 789 790; x_wconf 85' lang='lat' dir='ltr'><strong>disorimine</strong></span> <span class='ocrx_word' id='word_1_16' title='bbox 818 727 897 790; x_wconf 85' lang='lat' dir='ltr'><strong>inter</strong></span> <span class='ocrx_word' id='word_1_17' title='bbox 924 747 973 792; x_wconf 87' lang='lat' dir='ltr'><strong>res</strong></span> <span class='ocrx_word' id='word_1_18' title='bbox 1003 729 1210 808; x_wconf 79' lang='lat' dir='ltr'><strong>ooobngentes</strong></span> <span class='ocrx_word' id='word_1_19' title='bbox 1231 737 1328 809; x_wconf 78' lang='lat' dir='ltr'><strong>atque</strong></span> <span class='ocrx_word' id='word_1_20' title='bbox 1350 747 1405 792; x_wconf 79' lang='lat' dir='ltr'><strong>eus</strong></span> 
     </span>
     <span class='ocr_line' id='line_1_4' title="bbox 281 835 1405 918; baseline 0 -18"><span class='ocrx_word' id='word_1_21' title='bbox 281 836 484 900; x_wconf 78' lang='lat' dir='ltr'><strong>necessarium</strong></span> <span class='ocrx_word' id='word_1_22' title='bbox 505 835 583 916; x_wconf 83' lang='lat' dir='ltr'><strong>agit,</strong></span> <span class='ocrx_word' id='word_1_23' title='bbox 614 855 706 916; x_wconf 91' lang='lat' dir='ltr'><strong>quum</strong></span> <span class='ocrx_word' id='word_1_24' title='bbox 729 837 798 900; x_wconf 85' lang='lat' dir='ltr'><strong>illae</strong></span> <span class='ocrx_word' id='word_1_25' title='bbox 820 837 972 900; x_wconf 85' lang='lat' dir='ltr'><strong>veritatem</strong></span> <span class='ocrx_word' id='word_1_26' title='bbox 994 838 1114 918; x_wconf 85' lang='lat' dir='ltr'><strong>quidem</strong></span> <span class='ocrx_word' id='word_1_27' title='bbox 1137 845 1172 900; x_wconf 90' lang='lat' dir='ltr'><strong>ut</strong></span> <span class='ocrx_word' id='word_1_28' title='bbox 1192 838 1314 918; x_wconf 86' lang='lat' dir='ltr'><strong>eogitori</strong></span> <span class='ocrx_word' id='word_1_29' title='bbox 1336 857 1405 918; x_wconf 85' lang='lat' dir='ltr'><strong>pos·</strong></span> 
     </span>
     <span class='ocr_line' id='line_1_5' title="bbox 282 945 1405 1024; baseline 0.004 -16"><span class='ocrx_word' id='word_1_30' title='bbox 282 947 343 1010; x_wconf 91' lang='lat' dir='ltr'><strong>sint</strong></span> <span class='ocrx_word' id='word_1_31' title='bbox 364 946 416 1012; x_wconf 88' lang='lat' dir='ltr'><strong>sed</strong></span> <span class='ocrx_word' id='word_1_32' title='bbox 438 965 497 1010; x_wconf 93' lang='lat' dir='ltr'><strong>non</strong></span> <span class='ocrx_word' id='word_1_33' title='bbox 521 945 660 1010; x_wconf 88' lang='lat' dir='ltr'><strong>omnibus</strong></span> <span class='ocrx_word' id='word_1_34' title='bbox 682 947 840 1010; x_wconf 88' lang='lat' dir='ltr'><strong>momentis</strong></span> <span class='ocrx_word' id='word_1_35' title='bbox 862 966 1009 1012; x_wconf 84' lang='lat' dir='ltr'><strong>summam</strong></span> <span class='ocrx_word' id='word_1_36' title='bbox 1032 947 1204 1024; x_wconf 72' lang='lat' dir='ltr'><strong>honitatem,</strong></span> <span class='ocrx_word' id='word_1_37' title='bbox 1228 955 1262 1010; x_wconf 92' lang='lat' dir='ltr'><strong>ut</strong></span> <span class='ocrx_word' id='word_1_38' title='bbox 1282 966 1316 1010; x_wconf 91' lang='lat' dir='ltr'><strong>re</strong></span> <span class='ocrx_word' id='word_1_39' title='bbox 1337 967 1405 1012; x_wconf 86' lang='lat' dir='ltr'><strong>vero</strong></span> 
     </span>
     <span class='ocr_line' id='line_1_6' title="bbox 281 1057 1406 1138; baseline 0.002 -18"><span class='ocrx_word' id='word_1_40' title='bbox 281 1057 423 1124; x_wconf 75' lang='lat' dir='ltr'><strong>exsistere</strong></span> <span class='ocrx_word' id='word_1_41' title='bbox 445 1057 572 1122; x_wconf 82' lang='lat' dir='ltr'><strong>debeant</strong></span> <span class='ocrx_word' id='word_1_42' title='bbox 593 1057 780 1134; x_wconf 76' lang='lat' dir='ltr'><strong>contineant,</strong></span> <span class='ocrx_word' id='word_1_43' title='bbox 809 1058 883 1120; x_wconf 83' lang='lat' dir='ltr'><strong>buie</strong></span> <span class='ocrx_word' id='word_1_44' title='bbox 900 1077 970 1120; x_wconf 86' lang='lat' dir='ltr'><strong>vero</strong></span> <span class='ocrx_word' id='word_1_45' title='bbox 992 1058 1095 1138; x_wconf 88' lang='lat' dir='ltr'><strong>utique</strong></span> <span class='ocrx_word' id='word_1_46' title='bbox 1117 1066 1148 1120; x_wconf 91' lang='lat' dir='ltr'><strong>et</strong></span> <span class='ocrx_word' id='word_1_47' title='bbox 1169 1057 1334 1122; x_wconf 78' lang='lat' dir='ltr'><strong>indubitata</strong></span> <span class='ocrx_word' id='word_1_48' title='bbox 1355 1077 1406 1122; x_wconf 81' lang='lat' dir='ltr'><strong>ve-</strong></span> 
     </span>
     <span class='ocr_line' id='line_1_7' title="bbox 270 1165 1404 1250; baseline 0 -20"><span class='ocrx_word' id='word_1_49' title='bbox 270 1167 354 1250; x_wconf 81' lang='lat' dir='ltr'><strong>ritas</strong></span> <span class='ocrx_word' id='word_1_50' title='bbox 383 1179 414 1230; x_wconf 86' lang='lat' dir='ltr'><strong>et</strong></span> <span class='ocrx_word' id='word_1_51' title='bbox 441 1185 558 1230; x_wconf 85' lang='lat' dir='ltr'><strong>summa</strong></span> <span class='ocrx_word' id='word_1_52' title='bbox 585 1165 705 1230; x_wconf 82' lang='lat' dir='ltr'><strong>bonitas</strong></span> <span class='ocrx_word' id='word_1_53' title='bbox 733 1175 898 1248; x_wconf 83' lang='lat' dir='ltr'><strong>eomputat,</strong></span> <span class='ocrx_word' id='word_1_54' title='bbox 943 1187 1032 1247; x_wconf 89' lang='lat' dir='ltr'><strong>quam</strong></span> <span class='ocrx_word' id='word_1_55' title='bbox 1064 1167 1103 1230; x_wconf 90' lang='lat' dir='ltr'><strong>ob</strong></span> <span class='ocrx_word' id='word_1_56' title='bbox 1132 1185 1253 1232; x_wconf 85' lang='lat' dir='ltr'><strong>oausam</strong></span> <span class='ocrx_word' id='word_1_57' title='bbox 1279 1187 1315 1229; x_wconf 87' lang='lat' dir='ltr'><strong>re</strong></span> <span class='ocrx_word' id='word_1_58' title='bbox 1335 1185 1404 1230; x_wconf 84' lang='lat' dir='ltr'><strong>vera</strong></span> 
     </span>
     <span class='ocr_line' id='line_1_8' title="bbox 282 1276 1405 1357; baseline 0.002 -19"><span class='ocrx_word' id='word_1_59' title='bbox 282 1276 405 1338; x_wconf 78' lang='lat' dir='ltr'><strong>exsistat</strong></span> <span class='ocrx_word' id='word_1_60' title='bbox 432 1295 553 1344; x_wconf 82' lang='lat' dir='ltr'><strong>neeesse</strong></span> <span class='ocrx_word' id='word_1_61' title='bbox 582 1277 638 1352; x_wconf 89' lang='lat' dir='ltr'><strong>sit,</strong></span> <span class='ocrx_word' id='word_1_62' title='bbox 672 1277 746 1340; x_wconf 85' lang='lat' dir='ltr'><strong>haee</strong></span> <span class='ocrx_word' id='word_1_63' title='bbox 774 1277 965 1357; x_wconf 78' lang='lat' dir='ltr'><strong>sagacissima</strong></span> <span class='ocrx_word' id='word_1_64' title='bbox 986 1277 1107 1356; x_wconf 85' lang='lat' dir='ltr'><strong>quidem</strong></span> <span class='ocrx_word' id='word_1_65' title='bbox 1134 1277 1259 1340; x_wconf 71' lang='lat' dir='ltr'><strong>disserti</strong></span> <span class='ocrx_word' id='word_1_66' title='bbox 1281 1287 1353 1340; x_wconf 82' lang='lat' dir='ltr'><strong>sunt</strong></span> <span class='ocrx_word' id='word_1_67' title='bbox 1374 1287 1405 1340; x_wconf 86' lang='lat' dir='ltr'><strong>et</strong></span> 
     </span>
     <span class='ocr_line' id='line_1_9' title="bbox 281 1385 1403 1466; baseline 0 -18"><span class='ocrx_word' id='word_1_68' title='bbox 281 1403 419 1464; x_wconf 84' lang='lat' dir='ltr'><strong>maguam</strong></span> <span class='ocrx_word' id='word_1_69' title='bbox 428 1385 691 1466; x_wconf 80' lang='lat' dir='ltr'><strong>gravissimamque</strong></span> <span class='ocrx_word' id='word_1_70' title='bbox 712 1385 865 1450; x_wconf 82' lang='lat' dir='ltr'><strong>veritatem</strong></span> <span class='ocrx_word' id='word_1_71' title='bbox 887 1386 1056 1461; x_wconf 75' lang='lat' dir='ltr'><strong>continent,</strong></span> <span class='ocrx_word' id='word_1_72' title='bbox 1081 1405 1158 1466; x_wconf 89' lang='lat' dir='ltr'><strong>quae</strong></span> <span class='ocrx_word' id='word_1_73' title='bbox 1178 1387 1219 1448; x_wconf 88' lang='lat' dir='ltr'><strong>ad</strong></span> <span class='ocrx_word' id='word_1_74' title='bbox 1229 1385 1403 1465; x_wconf 85' lang='lat' dir='ltr'><strong>religionem</strong></span> 
     </span>
     <span class='ocr_line' id='line_1_10' title="bbox 281 1494 1483 1576; baseline 0 -20"><span class='ocrx_word' id='word_1_75' title='bbox 281 1494 429 1574; x_wconf 76' lang='lat' dir='ltr'><strong>imprimis</strong></span> <span class='ocrx_word' id='word_1_76' title='bbox 457 1494 586 1574; x_wconf 80' lang='lat' dir='ltr'><strong>pertinet</strong></span> <span class='ocrx_word' id='word_1_77' title='bbox 614 1495 796 1574; x_wconf 74' lang='lat' dir='ltr'><strong>dignamque</strong></span> <span class='ocrx_word' id='word_1_78' title='bbox 824 1513 895 1557; x_wconf 87' lang='lat' dir='ltr'><strong>sane</strong></span> <span class='ocrx_word' id='word_1_79' title='bbox 917 1495 971 1557; x_wconf 83' lang='lat' dir='ltr'><strong>bei</strong></span> <span class='ocrx_word' id='word_1_80' title='bbox 993 1496 1216 1576; x_wconf 78' lang='lat' dir='ltr'><strong>perceptionem</strong></span> <span class='ocrx_word' id='word_1_81' title='bbox 1238 1495 1400 1568; x_wconf 85' lang='lat' dir='ltr'><strong>eonstituit,</strong></span> <span class='ocrx_word' id='word_1_82' title='bbox 1479 1515 1483 1520; x_wconf 77' lang='grc'>’</span> 
     </span>
     <span class='ocr_line' id='line_1_11' title="bbox 281 1603 1403 1685; baseline 0 -17"><span class='ocrx_word' id='word_1_83' title='bbox 281 1603 334 1668; x_wconf 85' lang='lat' dir='ltr'><strong>sed</strong></span> <span class='ocrx_word' id='word_1_84' title='bbox 363 1604 401 1665; x_wconf 86' lang='lat' dir='ltr'><strong>ad</strong></span> <span class='ocrx_word' id='word_1_85' title='bbox 430 1611 637 1684; x_wconf 86' lang='lat' dir='ltr'><strong>argumentum</strong></span> <span class='ocrx_word' id='word_1_86' title='bbox 666 1624 720 1685; x_wconf 91' lang='lat' dir='ltr'><strong>pro</strong></span> <span class='ocrx_word' id='word_1_87' title='bbox 743 1603 796 1667; x_wconf 87' lang='lat' dir='ltr'><strong>Dei</strong></span> <span class='ocrx_word' id='word_1_88' title='bbox 818 1605 989 1670; x_wconf 84' lang='lat' dir='ltr'><strong>exsistentia</strong></span> <span class='ocrx_word' id='word_1_89' title='bbox 1018 1605 1197 1668; x_wconf 80' lang='lat' dir='ltr'><strong>firmandum</strong></span> <span class='ocrx_word' id='word_1_90' title='bbox 1226 1604 1303 1674; x_wconf 86' lang='lat' dir='ltr'><strong>nibil</strong></span> <span class='ocrx_word' id='word_1_91' title='bbox 1330 1623 1403 1668; x_wconf 76' lang='lat' dir='ltr'><strong>mu-</strong></span> 
     </span>
     <span class='ocr_line' id='line_1_12' title="bbox 281 1713 745 1778; baseline 0.004 -3"><span class='ocrx_word' id='word_1_92' title='bbox 281 1714 360 1776; x_wconf 83' lang='lat' dir='ltr'><strong>terra</strong></span> <span class='ocrx_word' id='word_1_93' title='bbox 381 1713 469 1778; x_wconf 89' lang='lat' dir='ltr'><strong>nobis</strong></span> <span class='ocrx_word' id='word_1_94' title='bbox 490 1715 638 1778; x_wconf 83' lang='lat' dir='ltr'><strong>videntur.</strong></span> <span class='ocrx_word' id='word_1_95' title='bbox 728 1753 745 1764; x_wconf 72' lang='lat'><strong>,.</strong></span> 
     </span>
    </p>
   </div>
   <div class='ocr_carea' id='block_1_3' title="bbox 710 2303 976 2392">
    <p class='ocr_par' dir='ltr' id='par_1_3' title="bbox 710 2303 976 2392">
     <span class='ocr_line' id='line_1_13' title="bbox 710 2303 976 2392; baseline -0.011 -3"><span class='ocrx_word' id='word_1_96' title='bbox 710 2303 867 2392; x_wconf 79' lang='lat' dir='ltr'><strong>CAPUT</strong></span> <span class='ocrx_word' id='word_1_97' title='bbox 896 2303 976 2390; x_wconf 88' lang='lat' dir='ltr'><strong>Vll.</strong></span> 
     </span>
    </p>
   </div>
   <div class='ocr_carea' id='block_1_4' title="bbox 531 2517 1108 2601">
    <p class='ocr_par' dir='ltr' id='par_1_4' title="bbox 531 2517 1108 2601">
     <span class='ocr_line' id='line_1_14' title="bbox 531 2517 1108 2601; baseline 0 -15"><span class='ocrx_word' id='word_1_98' title='bbox 531 2519 536 2526; x_wconf 85' lang='grc'><em>’</em></span> <span class='ocrx_word' id='word_1_99' title='bbox 572 2517 705 2586; x_wconf 88' lang='lat' dir='ltr'><strong>llantlus</strong></span> <span class='ocrx_word' id='word_1_100' title='bbox 728 2520 760 2588; x_wconf 90' lang='lat' dir='ltr'><strong>et</strong></span> <span class='ocrx_word' id='word_1_101' title='bbox 782 2519 926 2601; x_wconf 80' lang='lat' dir='ltr'><strong>theologi</strong></span> <span class='ocrx_word' id='word_1_102' title='bbox 949 2518 1108 2588; x_wconf 85' lang='lat' dir='ltr'><strong>llantlanl.</strong></span> 
     </span>
    </p>
   </div>
   <div class='ocr_carea' id='block_1_5' title="bbox 788 2709 886 2724">
    <p class='ocr_par' dir='ltr' id='par_1_5' title="bbox 788 2709 886 2724">
     <span class='ocr_line' id='line_1_15' title="bbox 788 2709 886 2724; baseline -0.01 -3"><span class='ocrx_word' id='word_1_103' title='bbox 788 2709 886 2724; x_wconf 52' lang='grc' dir='ltr'><strong>νιν-ψη</strong></span> 
     </span>
    </p>
   </div>
   <div class='ocr_carea' id='block_1_6' title="bbox 278 2811 1400 3342">
    <p class='ocr_par' dir='ltr' id='par_1_6' title="bbox 278 2811 1400 3342">
     <span class='ocr_line' id='line_1_16' title="bbox 298 2811 1400 2904; baseline 0.003 -22"><span class='ocrx_word' id='word_1_104' title='bbox 298 2811 300 2816; x_wconf 68' lang='grc'><strong>’</strong></span> <span class='ocrx_word' id='word_1_105' title='bbox 364 2821 430 2884; x_wconf 85' lang='lat' dir='ltr'><strong>lam</strong></span> <span class='ocrx_word' id='word_1_106' title='bbox 452 2822 641 2902; x_wconf 81' lang='lat' dir='ltr'><strong>pervenimus</strong></span> <span class='ocrx_word' id='word_1_107' title='bbox 663 2822 699 2883; x_wconf 82' lang='lat' dir='ltr'><strong>arl</strong></span> <span class='ocrx_word' id='word_1_108' title='bbox 722 2821 951 2885; x_wconf 82' lang='lat' dir='ltr'><strong>celeberrimum</strong></span> <span class='ocrx_word' id='word_1_109' title='bbox 972 2823 1081 2900; x_wconf 83' lang='lat' dir='ltr'><strong>virum,</strong></span> <span class='ocrx_word' id='word_1_110' title='bbox 1105 2823 1157 2903; x_wconf 89' lang='lat' dir='ltr'><strong>qui</strong></span> <span class='ocrx_word' id='word_1_111' title='bbox 1176 2841 1273 2904; x_wconf 75' lang='lat' dir='ltr'><strong>qaum</strong></span> <span class='ocrx_word' id='word_1_112' title='bbox 1291 2839 1400 2886; x_wconf 80' lang='lat' dir='ltr'><strong>novam</strong></span> 
     </span>
     <span class='ocr_line' id='line_1_17' title="bbox 279 2931 1396 3012; baseline 0.004 -21"><span class='ocrx_word' id='word_1_113' title='bbox 279 2931 485 3012; x_wconf 82' lang='lat' dir='ltr'><strong>philosophiae</strong></span> <span class='ocrx_word' id='word_1_114' title='bbox 507 2931 582 2992; x_wconf 91' lang='lat' dir='ltr'><strong>viam</strong></span> <span class='ocrx_word' id='word_1_115' title='bbox 605 2933 785 3011; x_wconf 77' lang='lat' dir='ltr'><strong>patefaceret</strong></span> <span class='ocrx_word' id='word_1_116' title='bbox 806 2951 955 3012; x_wconf 84' lang='lat' dir='ltr'><strong>novasque</strong></span> <span class='ocrx_word' id='word_1_117' title='bbox 967 2933 1050 3012; x_wconf 88' lang='lat' dir='ltr'><strong>quasi</strong></span> <span class='ocrx_word' id='word_1_118' title='bbox 1063 2934 1152 2994; x_wconf 85' lang='lat' dir='ltr'><strong>aedes</strong></span> <span class='ocrx_word' id='word_1_119' title='bbox 1174 2935 1200 2996; x_wconf 87' lang='lat' dir='ltr'><strong>ei</strong></span> <span class='ocrx_word' id='word_1_120' title='bbox 1224 2942 1396 3010; x_wconf 75' lang='lat' dir='ltr'><strong>exstrueret,</strong></span> 
     </span>
     <span class='ocr_line' id='line_1_18' title="bbox 278 3039 1397 3120; baseline 0 -18"><span class='ocrx_word' id='word_1_121' title='bbox 278 3041 337 3102; x_wconf 91' lang='lat' dir='ltr'><strong>boo</strong></span> <span class='ocrx_word' id='word_1_122' title='bbox 358 3039 505 3120; x_wconf 88' lang='lat' dir='ltr'><strong>imprimis</strong></span> <span class='ocrx_word' id='word_1_123' title='bbox 526 3039 674 3115; x_wconf 84' lang='lat' dir='ltr'><strong>studebat,</strong></span> <span class='ocrx_word' id='word_1_124' title='bbox 698 3047 730 3101; x_wconf 93' lang='lat' dir='ltr'><strong>ut</strong></span> <span class='ocrx_word' id='word_1_125' title='bbox 752 3040 920 3102; x_wconf 80' lang='lat' dir='ltr'><strong>intellectus</strong></span> <span class='ocrx_word' id='word_1_126' title='bbox 942 3041 1066 3102; x_wconf 90' lang='lat' dir='ltr'><strong>humani</strong></span> <span class='ocrx_word' id='word_1_127' title='bbox 1088 3041 1146 3102; x_wconf 85' lang='lat' dir='ltr'><strong>vim</strong></span> <span class='ocrx_word' id='word_1_128' title='bbox 1168 3050 1198 3104; x_wconf 88' lang='lat' dir='ltr'><strong>et</strong></span> <span class='ocrx_word' id='word_1_129' title='bbox 1219 3043 1397 3118; x_wconf 86' lang='lat' dir='ltr'><strong>laenitatem,</strong></span> 
     </span>
     <span class='ocr_line' id='line_1_19' title="bbox 279 3150 1398 3232; baseline 0.001 -20"><span class='ocrx_word' id='word_1_130' title='bbox 279 3150 311 3212; x_wconf 91' lang='lat' dir='ltr'><strong>in</strong></span> <span class='ocrx_word' id='word_1_131' title='bbox 333 3157 478 3231; x_wconf 88' lang='lat' dir='ltr'><strong>quantum</strong></span> <span class='ocrx_word' id='word_1_132' title='bbox 506 3150 681 3231; x_wconf 80' lang='lat' dir='ltr'><strong>praesertim</strong></span> <span class='ocrx_word' id='word_1_133' title='bbox 712 3151 809 3230; x_wconf 88' lang='lat' dir='ltr'><strong>quoad</strong></span> <span class='ocrx_word' id='word_1_134' title='bbox 839 3169 887 3212; x_wconf 92' lang='lat' dir='ltr'><strong>res</strong></span> <span class='ocrx_word' id='word_1_135' title='bbox 915 3150 1054 3212; x_wconf 83' lang='lat' dir='ltr'><strong>sensibus</strong></span> <span class='ocrx_word' id='word_1_136' title='bbox 1084 3169 1145 3213; x_wconf 92' lang='lat' dir='ltr'><strong>non</strong></span> <span class='ocrx_word' id='word_1_137' title='bbox 1175 3152 1323 3232; x_wconf 83' lang='lat' dir='ltr'><strong>subjeotas</strong></span> <span class='ocrx_word' id='word_1_138' title='bbox 1344 3152 1398 3214; x_wconf 89' lang='lat' dir='ltr'><strong>sed</strong></span> 
     </span>
     <span class='ocr_line' id='line_1_20' title="bbox 278 3259 1400 3342; baseline 0 -20"><span class='ocrx_word' id='word_1_139' title='bbox 278 3267 394 3324; x_wconf 87' lang='lat' dir='ltr'><strong>tantum</strong></span> <span class='ocrx_word' id='word_1_140' title='bbox 426 3259 628 3340; x_wconf 80' lang='lat' dir='ltr'><strong>intelligibiles</strong></span> <span class='ocrx_word' id='word_1_141' title='bbox 662 3259 727 3322; x_wconf 92' lang='lat' dir='ltr'><strong>sine</strong></span> <span class='ocrx_word' id='word_1_142' title='bbox 760 3261 841 3322; x_wconf 93' lang='lat' dir='ltr'><strong>omni</strong></span> <span class='ocrx_word' id='word_1_143' title='bbox 875 3259 1060 3322; x_wconf 83' lang='lat' dir='ltr'><strong>dubitatione</strong></span> <span class='ocrx_word' id='word_1_144' title='bbox 1097 3263 1259 3341; x_wconf 77' lang='lat' dir='ltr'><strong>presedere</strong></span> <span class='ocrx_word' id='word_1_145' title='bbox 1291 3262 1400 3342; x_wconf 68' lang='lat' dir='ltr'><strong>possit·</strong></span> 
     </span>
    </p>
   </div>
   <div class='ocr_carea' id='block_1_7' title="bbox 193 3370 1399 3450">
    <p class='ocr_par' dir='ltr' id='par_1_7' title="bbox 193 3370 1399 3450">
     <span class='ocr_line' id='line_1_21' title="bbox 193 3370 1399 3450; baseline 0.002 -20"><span class='ocrx_word' id='word_1_146' title='bbox 193 3440 196 3448; x_wconf 29' lang='lat'>¹</span> <span class='ocrx_word' id='word_1_147' title='bbox 278 3386 354 3449; x_wconf 91' lang='lat' dir='ltr'><strong>quos</strong></span> <span class='ocrx_word' id='word_1_148' title='bbox 376 3371 451 3432; x_wconf 90' lang='lat' dir='ltr'><strong>lines</strong></span> <span class='ocrx_word' id='word_1_149' title='bbox 479 3371 554 3432; x_wconf 89' lang='lat' dir='ltr'><strong>ratio</strong></span> <span class='ocrx_word' id='word_1_150' title='bbox 576 3371 705 3432; x_wconf 88' lang='lat' dir='ltr'><strong>bumana</strong></span> <span class='ocrx_word' id='word_1_151' title='bbox 723 3370 792 3432; x_wconf 89' lang='lat' dir='ltr'><strong>sibi</strong></span> <span class='ocrx_word' id='word_1_152' title='bbox 822 3371 1003 3432; x_wconf 78' lang='lat' dir='ltr'><strong>constituere</strong></span> <span class='ocrx_word' id='word_1_153' title='bbox 1032 3370 1139 3432; x_wconf 87' lang='lat' dir='ltr'><strong>debeat</strong></span> <span class='ocrx_word' id='word_1_154' title='bbox 1167 3387 1285 3433; x_wconf 87' lang='lat' dir='ltr'><strong>summa</strong></span> <span class='ocrx_word' id='word_1_155' title='bbox 1314 3387 1399 3450; x_wconf 75' lang='lat' dir='ltr'><strong>saga-</strong></span> 
     </span>
    </p>
   </div>
   <div class='ocr_carea' id='block_1_8' title="bbox 279 3479 1398 3560">
    <p class='ocr_par' dir='ltr' id='par_1_8' title="bbox 279 3479 1398 3560">
     <span class='ocr_line' id='line_1_22' title="bbox 279 3479 1398 3560; baseline 0.004 -20"><span class='ocrx_word' id='word_1_156' title='bbox 279 3479 365 3540; x_wconf 88' lang='lat' dir='ltr'><strong>oitale</strong></span> <span class='ocrx_word' id='word_1_157' title='bbox 376 3487 621 3558; x_wconf 83' lang='lat' dir='ltr'><strong>perscrutaretur.</strong></span> <span class='ocrx_word' id='word_1_158' title='bbox 656 3479 685 3540; x_wconf 87' lang='lat' dir='ltr'><strong>ls</strong></span> <span class='ocrx_word' id='word_1_159' title='bbox 708 3489 773 3541; x_wconf 92' lang='lat' dir='ltr'><strong>erat</strong></span> <span class='ocrx_word' id='word_1_160' title='bbox 793 3479 1006 3541; x_wconf 79' lang='lat' dir='ltr'><strong>lmmonuel</strong></span> <span class='ocrx_word' id='word_1_161' title='bbox 1029 3480 1212 3555; x_wconf 86' lang='lat' dir='ltr'><strong>llantius,</strong></span> <span class='ocrx_word' id='word_1_162' title='bbox 1234 3480 1287 3560; x_wconf 83' lang='lat' dir='ltr'><strong>qui</strong></span> <span class='ocrx_word' id='word_1_163' title='bbox 1309 3487 1398 3544; x_wconf 79' lang='lat' dir='ltr'><strong>notus</strong></span> 
     </span>
    </p>
   </div>
   <div class='ocr_carea' id='block_1_9' title="bbox 184 3587 1397 3669">
    <p class='ocr_par' dir='ltr' id='par_1_9' title="bbox 184 3587 1397 3669">
     <span class='ocr_line' id='line_1_23' title="bbox 184 3587 1397 3669; baseline -0.003 -15"><span class='ocrx_word' id='word_1_164' title='bbox 184 3651 185 3654; x_wconf 74' lang='grc'>,</span> <span class='ocrx_word' id='word_1_165' title='bbox 278 3587 477 3667; x_wconf 83' lang='lat' dir='ltr'><strong>Regiomontii</strong></span> <span class='ocrx_word' id='word_1_166' title='bbox 506 3588 682 3656; x_wconf 85' lang='lat' dir='ltr'><strong>antediem</strong></span> <span class='ocrx_word' id='word_1_167' title='bbox 709 3589 857 3650; x_wconf 82' lang='lat' dir='ltr'><strong>decimum</strong></span> <span class='ocrx_word' id='word_1_168' title='bbox 886 3589 1032 3651; x_wconf 61' lang='lat' dir='ltr'><strong>&amp;hodos</strong></span> <span class='ocrx_word' id='word_1_169' title='bbox 1061 3589 1153 3669; x_wconf 83' lang='lat' dir='ltr'><strong>hiajas</strong></span> <span class='ocrx_word' id='word_1_170' title='bbox 1181 3589 1252 3650; x_wconf 87' lang='lat' dir='ltr'><strong>anni</strong></span> <span class='ocrx_word' id='word_1_171' title='bbox 1276 3587 1397 3652; x_wconf 67' lang='lat' dir='ltr'><strong>tusto</strong></span> 
     </span>
    </p>
   </div>
   <div class='ocr_carea' id='block_1_10' title="bbox 277 3695 1398 4432">
    <p class='ocr_par' dir='ltr' id='par_1_10' title="bbox 277 3695 1398 4432">
     <span class='ocr_line' id='line_1_24' title="bbox 277 3695 1396 3777; baseline 0.001 -21"><span class='ocrx_word' id='word_1_172' title='bbox 277 3705 363 3776; x_wconf 82' lang='lat' dir='ltr'><strong>patre</strong></span> <span class='ocrx_word' id='word_1_173' title='bbox 380 3695 592 3775; x_wconf 82' lang='lat' dir='ltr'><strong>ephippiorum</strong></span> <span class='ocrx_word' id='word_1_174' title='bbox 614 3697 735 3772; x_wconf 82' lang='lat' dir='ltr'><strong>artifice,</strong></span> <span class='ocrx_word' id='word_1_175' title='bbox 760 3697 935 3776; x_wconf 74' lang='lat' dir='ltr'><strong>simpliciter</strong></span> <span class='ocrx_word' id='word_1_176' title='bbox 951 3698 1059 3777; x_wconf 85' lang='lat' dir='ltr'><strong>pieque</strong></span> <span class='ocrx_word' id='word_1_177' title='bbox 1081 3699 1224 3760; x_wconf 79' lang='lat' dir='ltr'><strong>erlueotus</strong></span> <span class='ocrx_word' id='word_1_178' title='bbox 1245 3697 1277 3759; x_wconf 94' lang='lat' dir='ltr'><strong>in</strong></span> <span class='ocrx_word' id='word_1_179' title='bbox 1299 3697 1396 3760; x_wconf 86' lang='lat' dir='ltr'><strong>studia</strong></span> 
     </span>
     <span class='ocr_line' id='line_1_25' title="bbox 278 3803 1398 3885; baseline 0.004 -21"><span class='ocrx_word' id='word_1_180' title='bbox 278 3804 409 3884; x_wconf 81' lang='lat' dir='ltr'><strong>primum</strong></span> <span class='ocrx_word' id='word_1_181' title='bbox 429 3803 614 3884; x_wconf 87' lang='lat' dir='ltr'><strong>theologiae,-</strong></span> <span class='ocrx_word' id='word_1_182' title='bbox 647 3823 737 3884; x_wconf 81' lang='lat' dir='ltr'><strong>quam</strong></span> <span class='ocrx_word' id='word_1_183' title='bbox 767 3811 863 3866; x_wconf 87' lang='lat' dir='ltr'><strong>tomen</strong></span> <span class='ocrx_word' id='word_1_184' title='bbox 892 3807 1023 3885; x_wconf 83' lang='lat' dir='ltr'><strong>pietismi</strong></span> <span class='ocrx_word' id='word_1_185' title='bbox 1054 3816 1116 3870; x_wconf 89' lang='lat' dir='ltr'><strong>tum</strong></span> <span class='ocrx_word' id='word_1_186' title='bbox 1143 3807 1323 3868; x_wconf 77' lang='lat' dir='ltr'><strong>dominamis</strong></span> <span class='ocrx_word' id='word_1_187' title='bbox 1344 3807 1398 3868; x_wconf 77' lang='lat' dir='ltr'><strong>ou·-</strong></span> 
     </span>
     <span class='ocr_line' id='line_1_26' title="bbox 277 3912 1397 3996; baseline 0.002 -22"><span class='ocrx_word' id='word_1_188' title='bbox 277 3912 426 3975; x_wconf 82' lang='lat' dir='ltr'><strong>versarius</strong></span> <span class='ocrx_word' id='word_1_189' title='bbox 448 3931 517 3974; x_wconf 82' lang='lat' dir='ltr'><strong>mox</strong></span> <span class='ocrx_word' id='word_1_190' title='bbox 539 3913 702 3991; x_wconf 88' lang='lat' dir='ltr'><strong>deserebat,</strong></span> <span class='ocrx_word' id='word_1_191' title='bbox 727 3913 834 3976; x_wconf 92' lang='lat' dir='ltr'><strong>deinde</strong></span> <span class='ocrx_word' id='word_1_192' title='bbox 851 3914 1056 3996; x_wconf 89' lang='lat' dir='ltr'><strong>philosophiae</strong></span> <span class='ocrx_word' id='word_1_193' title='bbox 1078 3923 1108 3978; x_wconf 91' lang='lat' dir='ltr'><strong>et</strong></span> <span class='ocrx_word' id='word_1_194' title='bbox 1128 3915 1328 3996; x_wconf 78' lang='lat' dir='ltr'><strong>physiologiae</strong></span> <span class='ocrx_word' id='word_1_195' title='bbox 1350 3915 1397 3976; x_wconf 89' lang='lat' dir='ltr'><strong>in·</strong></span> 
     </span>
     <span class='ocr_line' id='line_1_27' title="bbox 278 4021 1393 4104; baseline 0 -20"><span class='ocrx_word' id='word_1_196' title='bbox 278 4021 445 4086; x_wconf 85' lang='lat' dir='ltr'><strong>eumbebat.</strong></span> <span class='ocrx_word' id='word_1_197' title='bbox 478 4023 578 4094; x_wconf 80' lang='lat' dir='ltr'><strong>Quum</strong></span> <span class='ocrx_word' id='word_1_198' title='bbox 597 4041 702 4084; x_wconf 85' lang='lat' dir='ltr'><strong>uorem</strong></span> <span class='ocrx_word' id='word_1_199' title='bbox 721 4041 774 4102; x_wconf 91' lang='lat' dir='ltr'><strong>per</strong></span> <span class='ocrx_word' id='word_1_200' title='bbox 792 4041 886 4086; x_wconf 87' lang='lat' dir='ltr'><strong>annos</strong></span> <span class='ocrx_word' id='word_1_201' title='bbox 897 4035 1071 4104; x_wconf 82' lang='lat' dir='ltr'><strong>praeceptor</strong></span> <span class='ocrx_word' id='word_1_202' title='bbox 1087 4025 1268 4088; x_wconf 81' lang='lat' dir='ltr'><strong>domesticus</strong></span> <span class='ocrx_word' id='word_1_203' title='bbox 1279 4023 1393 4097; x_wconf 85' lang='lat' dir='ltr'><strong>luisset,</strong></span> 
     </span>
     <span class='ocr_line' id='line_1_28' title="bbox 277 4129 1397 4213; baseline 0.001 -23"><span class='ocrx_word' id='word_1_204' title='bbox 277 4130 407 4210; x_wconf 85' lang='lat' dir='ltr'><strong>primum</strong></span> <span class='ocrx_word' id='word_1_205' title='bbox 430 4131 523 4194; x_wconf 85' lang='lat' dir='ltr'><strong>leotur</strong></span> <span class='ocrx_word' id='word_1_206' title='bbox 544 4129 693 4211; x_wconf 86' lang='lat' dir='ltr'><strong>publious,</strong></span> <span class='ocrx_word' id='word_1_207' title='bbox 716 4140 817 4212; x_wconf 86' lang='lat' dir='ltr'><strong>postea</strong></span> <span class='ocrx_word' id='word_1_208' title='bbox 833 4133 1038 4213; x_wconf 92' lang='lat' dir='ltr'><strong>philosophiae</strong></span> <span class='ocrx_word' id='word_1_209' title='bbox 1054 4133 1232 4195; x_wconf 84' lang='lat' dir='ltr'><strong>theoretioae</strong></span> <span class='ocrx_word' id='word_1_210' title='bbox 1244 4134 1397 4212; x_wconf 82' lang='lat' dir='ltr'><strong>professor</strong></span> 
     </span>
     <span class='ocr_line' id='line_1_29' title="bbox 277 4235 1396 4324; baseline 0 -24"><span class='ocrx_word' id='word_1_211' title='bbox 277 4235 455 4301; x_wconf 78' lang='lat' dir='ltr'><strong>honorarius</strong></span> <span class='ocrx_word' id='word_1_212' title='bbox 486 4239 518 4302; x_wconf 92' lang='lat' dir='ltr'><strong>in</strong></span> <span class='ocrx_word' id='word_1_213' title='bbox 550 4239 741 4302; x_wconf 87' lang='lat' dir='ltr'><strong>universitate</strong></span> <span class='ocrx_word' id='word_1_214' title='bbox 774 4241 939 4324; x_wconf 85' lang='lat' dir='ltr'><strong>litterarum</strong></span> <span class='ocrx_word' id='word_1_215' title='bbox 959 4243 1194 4322; x_wconf 83' lang='lat' dir='ltr'><strong>Regiomonteua</strong></span> <span class='ocrx_word' id='word_1_216' title='bbox 1223 4244 1317 4304; x_wconf 86' lang='lat' dir='ltr'><strong>laotos</strong></span> <span class='ocrx_word' id='word_1_217' title='bbox 1350 4247 1396 4302; x_wconf 86' lang='lat' dir='ltr'><strong>est</strong></span> 
     </span>
     <span class='ocr_line' id='line_1_30' title="bbox 278 4339 1229 4432; baseline 0.004 -22"><span class='ocrx_word' id='word_1_218' title='bbox 278 4356 308 4410; x_wconf 90' lang='lat' dir='ltr'><strong>et</strong></span> <span class='ocrx_word' id='word_1_219' title='bbox 329 4339 384 4411; x_wconf 90' lang='lat' dir='ltr'><strong>bao</strong></span> <span class='ocrx_word' id='word_1_220' title='bbox 406 4347 470 4430; x_wconf 89' lang='lat' dir='ltr'><strong>ipsa</strong></span> <span class='ocrx_word' id='word_1_221' title='bbox 492 4346 523 4410; x_wconf 93' lang='lat' dir='ltr'><strong>in</strong></span> <span class='ocrx_word' id='word_1_222' title='bbox 545 4345 619 4411; x_wconf 89' lang='lat' dir='ltr'><strong>urbe</strong></span> <span class='ocrx_word' id='word_1_223' title='bbox 641 4368 720 4411; x_wconf 90' lang='lat' dir='ltr'><strong>anno</strong></span> <span class='ocrx_word' id='word_1_224' title='bbox 743 4347 826 4413; x_wconf 69' lang='lat'>1804</span> <span class='ocrx_word' id='word_1_225' title='bbox 847 4351 927 4413; x_wconf 89' lang='lat' dir='ltr'><strong>diem</strong></span> <span class='ocrx_word' id='word_1_226' title='bbox 949 4370 1123 4432; x_wconf 87' lang='lat' dir='ltr'><strong>supremum</strong></span> <span class='ocrx_word' id='word_1_227' title='bbox 1146 4351 1229 4414; x_wconf 91' lang='lat' dir='ltr'><strong>obiit.</strong></span> 
     </span>
    </p>
   </div>
   <div class='ocr_carea' id='block_1_11' title="bbox 0 0 1640 5054">
    <p class='ocr_par' dir='ltr' id='par_1_11' title="bbox 0 0 1640 5054">
     <span class='ocr_line' id='line_1_31' title="bbox 0 0 1640 5054; baseline 0 2"><span class='ocrx_word' id='word_1_228' title='bbox 0 0 1640 5054; x_wconf 95' lang='lat' dir='ltr'><strong> </strong></span> 
     </span>
    </p>
   </div>
  </div>
 </body>
</html>
