3236 5076
658 893 816 978 CAPUT
845 895 907 977 lv.

505 1110 690 1179 Benedictus
711 1109 834 1178 horuch
856 1111 894 1177 de
916 1107 1059 1192 sptnoaa.

732 1299 829 1309 .—

225 1431 228 1438 ’
303 1415 493 1497 Philosophia
517 1415 687 1478 Cartesiaua
709 1415 782 1496 ipsis
805 1415 859 1476 riri
881 1414 1044 1476 doctissimi
1067 1411 1253 1495 temporibus
1274 1411 1342 1494 plu·

217 1527 311 1589 rimos
341 1535 371 1588 et
399 1526 529 1588 asseclas
558 1535 588 1588 et
616 1525 800 1586 adversarios
829 1523 972 1600 hahebat;
1017 1541 1053 1584 ex
1080 1523 1189 1586 horum
1216 1541 1342 1586 numero

217 1637 507 1718 praeterPetrum
524 1633 786 1696 Gasseudlum
807 1632 966 1712 praecipue
988 1631 1168 1694 Danielis
1190 1632 1339 1706 lluetii,

220 1765 256 1806 ex
277 1745 399 1806 illorum
421 1742 587 1804 Arnoldi
617 1741 821 1803 Geulinxii
852 1749 882 1802 et
902 1740 1057 1802 Nicolai
1080 1739 1339 1804 llalebrauchii

221 1853 406 1914 mentionem
434 1851 570 1914 iacimus.
615 1852 644 1912 ls
673 1859 772 1912 autem
803 1851 847 1911 vir
876 1850 928 1930 qui
956 1849 1196 1930 philosophicum
1219 1850 1340 1914 Cartoeii

223 1973 351 2042 systema
372 1961 482 2042 insigni
504 1961 624 2041 iugenio
645 1961 788 2040 perlicere
809 1967 933 2021 conatus
955 1967 1001 2021 est
1022 1967 1086 2022 erat
1101 1959 1341 2024 Benedictus

222 2072 372 2133 Baruch
395 2072 439 2133 de
461 2072 481 2133 S
489 2071 629 2151 pinoza
652 2071 704 2150 qui
726 2069 1034 2132 uatushmstelodami
1056 2087 1092 2130 ex
1106 2077 1195 2150 geute
1213 2071 1340 2150 quadam

218 2181 312 2243 nobili
344 2180 651 2243 Lusitanico-Judaica
691 2199 770 2241 anno
805 2175 888 2242 1632
926 2179 1084 2260 proprium
1123 2187 1226 2260 postea
1262 2179 1342 2242 inter·

215 2291 367 2354 iudaicam
402 2291 659 2371 christianamque
698 2291 787 2352 iidem
827 2289 927 2351 locum
959 2288 1124 2352 obtinebat.
1179 2290 1340 2370 Postquam

216 2395 345 2462 oblatam
368 2401 424 2462 sibi
453 2421 469 2463 a
493 2401 599 2463 carolo
622 2401 773 2462 Ludovioo
794 2399 923 2461 electore
945 2399 1078 2460 Paladno
1103 2397 1339 2480 philosophiam

218 2511 249 2570 in
274 2510 461 2571 universitate
489 2511 655 2571 litterarum
679 2509 920 2588 heidelbergensi
947 2509 1116 2572 cathedram
1138 2510 1271 2590 accipere
1293 2529 1340 2574 m·

221 2619 392 2694 eusavisset,
416 2619 545 2698 primum
568 2618 747 2698 Rynshurgii
762 2637 861 2698 prope
872 2619 1052 2698 Lugdunum
1065 2619 1250 2694 murorum,
1275 2629 1339 2684 tum

221 2727 411 2806 Vooxburgiis
440 2745 533 2808 prope
563 2727 659 2807 Hagas
688 2728 837 2789 Comitum
868 2728 996 2809 deniqne
1023 2729 1081 2791 bac
1108 2729 1173 2810 ipsa
1203 2731 1233 2794 in
1264 2730 1339 2794 urbe

218 2837 433 2918 philosophicis
454 2837 632 2917 plerumque
659 2837 767 2899 studiis
788 2837 909 2900 vacabat
929 2837 1031 2918 ibique
1052 2859 1132 2902 anno
1156 2837 1238 2904 1677
1260 2859 1340 2904 mor·

218 2958 285 3009 tuus
308 2955 363 3009 est.
408 2948 473 3009 Jam
495 2947 521 3008 si
544 2948 731 3028 quaerimus,
756 2967 883 3028 quanam
906 2949 1022 3010 rathma
1045 2949 1213 3030 Spinoza
1242 2951 1339 3032 philo-

159 3049 166 3062 “
203 3059 366 3138 ,εορῐιίωπι
397 3057 561 3120 doctrinam
592 3059 771 3133 excoluerit,
806 3060 1018 3120 advertendum
1048 3059 1135 3121 nohis
1168 3061 1242 3138 erit,
1274 3061 1342 3142 jam

216 3168 433 3229 Cartesium
455 3169 514 3228 hoc
534 3168 684 3247 imprimis
706 3168 875 3243 studuisse,
911 3177 944 3230 ut
965 3169 1220 3234 substantiae
1241 3173 1337 3234 notio·

216 3295 285 3337 nem
307 3290 396 3356 qoam
418 3277 582 3337 clarissime
612 3277 710 3356 potuit
737 3277 907 3356 explicaret.
951 3279 1153 3344 Substantiam
1178 3282 1337 3346 deliniebat

217 3403 293 3446 rem
316 3385 354 3445 in
378 3403 417 3446 se
438 3386 523 3464 ipsa
547 3385 808 3448 exsistentem
832 3405 913 3464 esse,
943 3408 1044 3451 verum
1067 3407 1127 3454 uun
1150 3400 1265 3472 potest,
1290 3393 1336 3456 iu·

217 3494 298 3574 quit,
333 3493 498 3555 substantia
526 3494 657 3574 primum
686 3495 877 3558 animadverti
899 3515 935 3560 ex
956 3499 1014 3560 hoo
1035 3499 1099 3562 solo
1122 3503 1203 3581 quod
1225 3503 1265 3566 sit
1285 3521 1334 3566 res

216 3604 371 3680 exsistens,
397 3605 466 3684 quia
488 3605 546 3666 hoo
568 3604 664 3666 solum
687 3623 741 3686 per
762 3625 795 3668 se
809 3625 865 3669 nos
883 3627 943 3670 neu
960 3609 1069 3686 afficit3
1093 3611 1144 3674 sed
1165 3613 1249 3678 facile
1267 3633 1333 3676 eam

213 3715 403 3793 agnoscimus
436 3733 471 3775 ex
503 3715 635 3794 quolibet
667 3717 734 3796 ejus
770 3719 913 3780 attributo
945 3711 1000 3798 pe'r
1031 3739 1220 3786 communem
1252 3723 1332 3789 illam

212 3823 383 3901 notionem,
418 3825 496 3904 quod
519 3825 605 3888 nihili
628 3826 709 3888 nulla
737 3827 797 3890 sint
818 3829 958 3890 attributa
981 3829 1115 3891 nullaene
1136 3833 1332 3912 proprietates

211 3943 261 3996 aut
287 3933 454 4014 qualitates.
498 3935 541 3996 lix
570 3936 626 3998 hoc
655 3937 735 3998 euim
765 3912 845 4018 quod
874 3937 995 4018 aliquod
1023 3939 1198 4004 attributum
1227 3942 1331 4006 adesse

210 4045 409 4125 percipiamus
444 4045 649 4108 concludimus
682 4047 811 4128 aliquam
845 4066 907 4109 rem
944 4048 1133 4112 exsistentem
1167 4051 1228 4113 slve
1261 4053 1331 4115 sub-

211 4155 366 4229 stantiam,
402 4155 450 4216 cui
473 4154 547 4216 illud
570 4156 660 4218 tribui
683 4157 796 4236 possit,
832 4158 1000 4218 necessario
1023 4159 1111 4221 etiam
1134 4161 1247 4224 adesse.
1293 4165 1330 4227 Et

210 4263 329 4343 quidem
359 4283 394 4324 ex
423 4264 556 4344 quolibet
581 4265 723 4327 attributo
752 4266 918 4328 substantia
948 4269 1151 4347 cognoscitur,
1187 4272 1239 4333 sed
1268 4293 1328 4336 una

211 4380 324 4434 tantum
347 4383 392 4435 est
413 4375 558 4455 cujusque
573 4375 754 4437 substantiae
770 4376 927 4456 praecipua
943 4379 1118 4458 proprietas,
1143 4399 1218 4460 quae
1235 4383 1328 4462 ipsius

1123 4481 1141 4527 o
