3236 5076
229 656 325 703 rusam
348 637 393 698 vet
415 637 589 717 cujusquam
612 636 817 704 bominisscd
841 638 980 702 omnibus
1007 639 1259 708 incommutabilia
1283 662 1349 709 rora

229 747 421 814 cernentibus
444 756 595 826 tamquam
617 747 702 811 miris
722 749 821 813 modis
850 758 997 814 secretum
1021 758 1050 812 ct
1071 750 1223 830 publicum
1245 753 1348 819 iumen

229 865 347 936 praesto
369 875 435 920 esse
458 866 541 918 etse
563 857 706 936 praebere
729 858 869 920 omnibus
892 859 1109 936 communiter;
1140 879 1228 922 omne
1249 871 1349 931 autem

229 967 309 1045 quod
333 967 531 1031 communiter
552 967 692 1033 omnihus
713 968 961 1032 ratiocinantibus
988 977 1107 1050 praesto
1130 979 1176 1032 est
1197 971 1234 1032 nd
1257 971 1348 1044 ullius

228 1095 331 1140 corum
354 1077 474 1156 proprie
494 1085 632 1140 nutrirem
655 1078 804 1158 pertinere
826 1079 894 1159 quis
917 1077 1046 1142 dixerit?
1083 1080 1242 1144 Meministi
1267 1082 1347 1144 enim

228 1196 262 1250 ut
282 1189 399 1269 opinor,
424 1188 495 1269 quid
519 1189 555 1250 de
578 1189 715 1252 sensibus
737 1191 889 1271 corporeis
911 1191 1011 1271 paullo
1033 1199 1102 1255 ante
1118 1200 1273 1256 tractatum
1296 1195 1346 1270 sit,

227 1317 260 1362 ca
283 1299 398 1362 scilicet
427 1319 503 1379 quae
524 1300 679 1374 oculorum
710 1301 755 1362 vel
776 1302 894 1364 aurium
917 1319 1009 1364 sensu
1031 1303 1231 1366 communiter
1252 1305 1347 1386 tongi-

226 1429 293 1474 mus
314 1409 402 1472 sicuti
424 1419 496 1474 sunt
517 1411 631 1472 colores
654 1420 683 1474 et
705 1412 786 1488 soni,
811 1429 886 1492 quos
909 1429 963 1492 ego
990 1420 1020 1474 et
1040 1418 1075 1476 tu
1100 1413 1189 1479 simul
1213 1414 1347 1479 ridemus

226 1519 371 1586 rclsimul
384 1521 532 1595 audimus,
555 1539 613 1582 troo
628 1521 775 1601 pertinere
790 1522 827 1583 ad
844 1523 1000 1584 oculorum
1013 1531 1182 1588 nostrorum
1194 1524 1346 1593 auriumve

225 1638 360 1701 naturam
382 1629 434 1690 sed
446 1631 482 1696 ed
499 1631 689 1692 sentiendum
708 1631 796 1694 nohis
815 1651 879 1694 esse
897 1632 1078 1694 communis.
1114 1633 1163 1694 Sic
1175 1652 1245 1712 ergo
1257 1634 1345 1699 ctiam

226 1739 293 1815 itta,
329 1758 406 1818 quae
435 1758 489 1818 ego
519 1751 548 1800 et
579 1749 607 1800 tu
636 1742 895 1802 communiter
924 1759 990 1802 sua
1019 1741 1188 1820 quisquc
1217 1752 1345 1806 mento

225 1851 426 1930 conspicimus
455 1869 642 1930 nequaquam
673 1851 782 1912 dixeris
811 1853 855 1914 od
888 1852 1032 1914 mentis
1064 1853 1243 1938 alicujus
1277 1873 1346 1917 uc-

225 1967 347 2042 strum
376 1961 582 2040 pertinere
609 1970 796 2026 naturam.
843 1962 973 2025 Duorum
997 1963 1076 2026 enim
1100 1963 1179 2026 ocnli
1202 1964 1282 2044 qrrcd
1303 1964 1345 2024 si·

224 2069 287 2134 mul
308 2071 409 2132 rident
430 2089 485 2132 nec
507 2071 598 2152 hujus
621 2091 675 2134 nec
697 2064 777 2134 iilius
799 2072 902 2134 oculus
926 2091 991 2134 esse
1013 2073 1124 2152 poteris
1147 2073 1263 2147 dicere,
1290 2075 1344 2138 sed

223 2181 334 2260 oiiqnid
359 2182 489 2257 tertium,
515 2183 544 2244 in
568 2184 647 2262 qnod
672 2182 828 2262 utriusque
851 2183 1021 2248 conseratur
1042 2185 1210 2266 adspectus.
1254 2186 1345 2246 Evo-

223 2293 330 2356 dins:
374 2294 601 2374 Apertissimum
630 2302 719 2374 atquc
748 2293 935 2356 verissimum
969 2303 1024 2358 cst.
1077 2295 1340 2375 Augustinus:

224 2403 306 2466 Hanc
326 2403 418 2482 igitur
439 2404 601 2479 veritatem,
627 2405 663 2466 de
685 2423 744 2484 qne
763 2404 825 2484 jam
849 2405 901 2466 din
922 2405 1073 2486 loquimur
1096 2415 1126 2468 et
1148 2405 1180 2468 in
1204 2425 1261 2486 qua
1283 2423 1342 2482 una

222 2522 282 2576 tam
305 2515 396 2576 multe
419 2515 638 2594 conspicimus,
674 2515 1006 2576 excellentiorem
1039 2524 1126 2594 putas
1156 2533 1222 2576 esse
1251 2535 1341 2596 quiam

221 2641 329 2685 mens
372 2631 509 2684 nostro
553 2643 590 2683 an
635 2623 838 2702 aequalem
879 2623 1078 2684 mentibus
1117 2625 1341 2698 nostrised

221 2731 350 2794 etium·
370 2731 626 2794 inferiorem?
671 2732 729 2794 Sed
752 2731 777 2794 si
800 2740 878 2796 esset
908 2731 1079 2794 inferior
1108 2751 1167 2794 non
1199 2751 1341 2796 sccun-

221 2841 305 2904 dum
329 2860 406 2902 eam
429 2842 481 2904 scd
504 2842 548 2903 de
571 2861 610 2902 ea
631 2841 852 2922 judicaremuS,
888 2842 965 2906 sicut
988 2841 1158 2922 judicamus
1188 2844 1341 2906 decor·

219 2951 403 3030 poribus,
428 2952 496 3032 qnia
519 2953 595 3014 intra
620 2960 689 3016 sumt
712 2961 741 3014 et
757 2953 884 3018 dicimus
904 2973 936 3014 ea
954 2953 1130 3033 plerumque
1147 2973 1208 3016 non
1225 2963 1339 3018 tontum

218 3061 258 3124 ita
281 3081 349 3124 osse
369 3063 413 3124 vet
436 3081 494 3126 non
518 3064 576 3138 ito,
611 3065 662 3124 sed
693 3063 731 3126 itn
754 3063 799 3128 rei
831 3083 889 3124 non
921 3064 959 3124 ite
990 3083 1055 3126 esso
1078 3064 1203 3140 deberc;
1240 3065 1282 3126 sic
1309 3071 1340 3146 et·

218 3172 262 3232 dc
283 3173 426 3234 animis
449 3173 602 3236 nostris
625 3193 686 3234 non
708 3174 805 3237 solum
824 3173 863 3234 ita
883 3193 948 3236 esse
967 3175 1099 3242 animum
1115 3174 1261 3248 novimus,
1286 3175 1339 3241 sed

217 3281 392 3360 pierumque
414 3284 502 3344 etiem
525 3285 564 3344 ita
587 3302 651 3344 esse
674 3283 792 3344 debere.
837 3283 873 3344 Et
897 3283 933 3344 de
955 3283 1130 3362 corporibus
1153 3283 1272 3362 qnidcm
1295 3285 1338 3350 sic.

215 3388 402 3468 judicemus,
437 3409 530 3468 quum
564 3392 709 3452 dicimus:
744 3391 843 3452 minus
876 3391 1035 3460 candidum
1069 3399 1115 3452 est
1148 3411 1236 3472 qurum
1270 3367 1336 3476 esse

218 3499 322 3560 debuit
343 3507 395 3562 aut
417 3501 518 3562 minus
541 3501 686 3580 quadrum
710 3511 740 3564 et
761 3501 853 3566 mrrtta
877 3501 1023 3566 similiter.
1055 3504 1098 3564 Dc
1120 3503 1228 3566 animis
1250 3522 1335 3564 vero:

217 3609 316 3672 minus
337 3617 423 3690 uptus
446 3618 493 3672 est
513 3630 603 3690 quam
626 3610 723 3686 dehet,
748 3619 799 3674 aut
821 3612 920 3675 minus
943 3611 1019 3674 lenis
1040 3613 1336 3690 autminusvehe·

215 3735 311 3794 mens,
336 3721 415 3782 sicut
436 3730 604 3798 nostrorum
624 3740 741 3785 morum
765 3741 798 3784 se
820 3721 895 3783 restio
917 3721 1028 3784 tulerit.
1063 3723 1099 3784 Et
1119 3722 1289 3804 judicamus
1303 3725 1335 3803 id

215 3829 429 3890 secundum
467 3831 688 3892 interiores
722 3831 815 3895 ilios
851 3832 1008 3912 regulas
1040 3833 1227 3899 veritatis
1260 3855 1334 3916 quas

214 3940 412 4000 communiter
433 3940 599 4016 cernimus3
624 3941 667 4002 de
690 3940 790 4020 ipsis
813 3960 882 4002 vcro
905 3941 988 4004 trullo
1012 3943 1100 4004 modo
1123 3944 1197 4026 quis
1207 3945 1331 4024 judicat.

214 4051 312 4121 Qunm
336 4051 416 4110 enirn
438 4050 505 4129 quis
528 4051 643 4126 dixerit,
667 4058 784 4112 aeterno
809 4053 1022 4131 temporalibus
1045 4072 1111 4114 esse
1133 4054 1258 4134 potiore,
1282 4063 1333 4116 eut

213 4169 325 4239 septem
350 4168 379 4221 et
402 4161 454 4222 tria
478 4161 579 4223 decem
604 4180 684 4237 esse,
709 4180 796 4222 nemo
819 4162 911 4237 dicet,
937 4163 976 4224 ita
999 4183 1072 4225 esse·
1087 4163 1244 4240 debuisse,
1279 4166 1331 4226 scd

213 4277 325 4330 tanturn
349 4271 388 4330 ita
411 4289 495 4347 essc3
519 4289 702 4350 cognoscens
721 4290 781 4332 non
798 4273 981 4334 examinator
996 4273 1128 4352 corrigit,
1152 4274 1205 4336 sed
1217 4282 1331 4336 tuntum

211 4379 336 4454 laetatur
358 4379 502 4444 inuentor.
549 4380 579 4442 Si
603 4387 701 4443 aretem
732 4381 914 4461 aequetis
942 4383 1144 4464 mentibus
1176 4382 1330 4449 nostris
