3260 5058
683 885 838 968 CAPUT
867 885 913 966 11.

549 1103 860 1184 Argumentum
896 1099 1048 1184 ipsun.

323 1409 534 1490 Progredimur
562 1429 579 1472 a
608 1409 732 1470 veritate
762 1407 901 1470 omuibus
930 1407 995 1468 siue
1022 1403 1113 1468 dubio
1135 1421 1273 1466 concessa
1297 1401 1358 1464 sive

239 1521 277 1584 ab
299 1521 457 1595 axiomate,
482 1519 563 1599 quod
586 1518 666 1579 nulla
689 1535 814 1596 prorsus
836 1515 1086 1577 demonstratione
1109 1525 1191 1594 eget;
1226 1513 1357 1575 scilieet:

240 1630 456 1692 intellecto
485 1627 577 1704 quid
606 1643 744 1686 numen
767 1625 940 1686 diuinum
970 1624 1023 1684 sit
1048 1623 1179 1684 statim
1201 1621 1359 1684 intelli·

244 1739 351 1816 gitur
373 1755 441 1796 eus
463 1734 647 1796 absolute
673 1735 894 1813 perfeetum
920 1751 1017 1796 esse.
1063 1731 1145 1804 Quae
1166 1731 1285 1812 quidem
1308 1749 1361 1792 na·

246 1854 329 1908 turae
346 1845 461 1907 divinae
476 1844 618 1925 perfectio
634 1863 694 1905 non
717 1844 755 1905 in
782 1844 958 1924 singulis
980 1841 1209 1925 quibusdam
1232 1841 1361 1922 quali·

244 1955 397 2018 tatibus
419 1954 707 2031 veldelinitionibns‚
733 1956 783 2016 sed
806 1955 844 2016 in
867 1955 1050 2016 universa
1073 1954 1172 2034 potius
1194 1952 1360 2015 essentia

244 2065 349 2146 ejus,
374 2065 405 2126 in
427 2065 492 2145 ipso
515 2064 698 2126 subsistendi
720 2065 808 2126 modo
830 2065 924 2146 posita
947 2065 988 2127 sit
1008 2083 1129 2126 neeesse
1144 2071 1198 2125 est.
1233 2061 1361 2124 Proinde

243 2175 353 2238 adeas
382 2176 541 2238 exsistendi
570 2177 697 2252 formas,
733 2195 806 2256 quas
828 2195 882 2258 per
910 2177 1081 2239 uuiversum
1104 2195 1203 2238 rerum
1227 2174 1361 2236 ordinem

243 2287 360 2348 effectas
383 2287 614 2368 distributasque
643 2306 709 2348 esse
739 2288 873 2350 videmus
902 2288 1035 2350 animum
1060 2295 1196 2350 nostrum
1219 2285 1361 2348 debemus

243 2397 404 2458 advertere.
439 2398 605 2458 lnfimus
627 2397 880 2459 subsistendi
903 2400 1047 2477 gradus
1069 2399 1099 2458 in
1123 2393 1361 2476 corporibus

244 2505 354 2564 nullo
377 2515 481 2566 motu
504 2507 684 2582 proprio,
718 2506 845 2566 nullis
878 2507 979 2564 vitae
1012 2505 1272 2566 sustinendae
1302 2506 1362 2565 in-

247 2611 501 2684 strumentis,
528 2611 636 2670 nulla
659 2611 818 2689 generis
841 2610 901 2671 sui
923 2611 1163 2690 propagandi
1185 2612 1362 2674 facultate

247 2719 444 2800 praeditis
474 2719 616 2781 cernitur.
662 2720 739 2781 Sane
767 2720 817 2781 bie
839 2739 956 2800 quoque
978 2739 1078 2782 rerunt
1107 2719 1266 2781 visibilium
1290 2721 1362 2782 ordo

246 2847 352 2910 magna
382 2829 553 2910 conspectui
586 2837 688 2892 nostro
718 2838 747 2892 et
776 2830 960 2892 admirabilia
989 2830 1121 2912 praebet.
1176 2829 1254 2903 Quid
1283 2831 1363 2892 enirn

245 2941 405 3021 pretiosius
427 2948 472 3003 est
493 2941 665 3018 adamante,
691 2941 741 3021 qui
764 2942 843 3004 elaro
866 2943 1051 3024 candidoque
1074 2942 1232 3024 splendore
1253 2961 1362 3024 purum

244 3051 331 3113 etiam
355 3053 473 3129 vitrum,
498 3053 635 3115 firmitate
658 3059 687 3114 et
709 3053 817 3116 duritia
840 3053 938 3114 ornnia
960 3053 1077 3115 metalla
1101 3051 1240 3134 superat?
1285 3053 1362 3124 Quid

243 3161 339 3239 pluris
360 3165 532 3225 aestimatur
553 3183 626 3225 auro
648 3164 694 3224 vel
715 3173 847 3243 argento,
872 3183 947 3241 quae
969 3163 1106 3224 homines
1128 3163 1254 3223 maxima
1273 3179 1363 3241 opera

245 3277 432 3344 somniantur,
467 3289 583 3331 summa
612 3272 690 3332 baud
721 3291 788 3332 raro
819 3272 978 3350 eupiditate
1007 3271 1063 3332 sibi
1092 3271 1249 3349 acquirunt
1275 3273 1363 3333 etad

244 3375 332 3436 vitam
366 3395 448 3438 suan]
483 3378 608 3458 opibnS‚
644 3380 825 3454 commodis,
872 3379 986 3440 deliciis
1015 3381 1177 3448 ornandam
1200 3379 1362 3443 adhibent?

246 3484 324 3558 Quid
347 3487 449 3548 utilius
472 3495 517 3550 est
539 3489 635 3564 ferro,
670 3507 729 3568 quo
759 3491 794 3550 ad
818 3490 995 3570 perficienda
1018 3491 1088 3552 belli
1110 3491 1250 3572 pacisque
1273 3511 1362 3573 opera

244 3595 374 3672 utimur,
409 3615 469 3677 quo
491 3597 578 3660 uitam
602 3605 735 3660 nostram
758 3609 860 3662 eontra
882 3602 1011 3662 ferarum
1039 3603 1205 3664 hostiumve
1233 3603 1362 3683 impetus

245 3705 446 3783 defendimus,
481 3727 568 3788 agros
601 3710 744 3787 colimus,
779 3711 910 3773 aedilicia
945 3713 1124 3774 exstruimus
1157 3731 1292 3793 quaeque
1324 3715 1360 3775 ad

245 3815 356 3878 deultum
373 3817 540 3899 victumque
556 3821 705 3899 pertinent
723 3821 905 3884 tractamus?
929 3823 1016 3899 Ouid,
1041 3823 1172 3905 inquam,
1198 3824 1361 3885 durabilius

244 3934 290 3987 est
311 3925 458 4006 lapidibus
481 3927 540 3989 iltis
563 3937 592 3990 et
613 3930 708 4006 saxis,
733 3932 804 4012 quid
827 3933 971 3994 excelsius
994 3935 1154 4010 montibus,
1180 3915 1275 4013 quiin
1293 3949 1362 4011 pro·

245 4035 336 4096 fundo
354 4044 447 4130 terrae
462 4037 551 4117 positi
569 4038 842 4121 adscendentesque
855 4061 945 4122 super
966 4043 1040 4104 eoeli
1062 4043 1159 4103 nubes
1181 4061 1240 4102 non
1264 4043 1361 4104 solum

244 4145 356 4225 fragilia
379 4147 546 4228 caducaque
568 4148 721 4212 hominurn
745 4169 845 4230 opera,
867 4152 920 4213 sed
942 4151 1030 4214 etiarn
1054 4152 1180 4226 saecula,
1204 4152 1296 4213 imrno
1317 4160 1361 4214 tot

244 4255 428 4318 saeculorum
451 4257 532 4320 milia
555 4259 748 4322 diuturnitate
769 4259 914 4324 vineunt?
946 4263 1007 4324 Sed
1022 4261 1121 4323 omnia
1138 4262 1211 4324 haee
1226 4263 1360 4343 quamvis
1471 4343 1473 4346 Ι

243 4367 494 4445 praestantissima
528 4377 558 4430 et
596 4387 712 4432 summa
745 4371 875 4451 profecto
908 4371 1101 4434 admiratione
1134 4373 1223 4454 digna
1258 4372 1360 4435 exsi-
