3236 5076
604 447 926 519 -2—23—-—-

209 635 246 696 de
268 632 367 694 divina
389 631 554 694 substantia
577 637 695 710 oportet
716 629 848 692 credere.
894 627 1052 692 Credimus
1074 645 1203 708 namque
1224 625 1261 688 de
1283 625 1330 689 di-

208 744 275 806 vina
298 741 474 816 substantia,
498 741 576 820 quod
599 739 735 802 absolute
757 737 879 820 cogitari
901 745 1000 818 potest
1022 738 1129 800 melius
1152 755 1329 816 essequam

209 872 270 914 non
293 871 368 914 esse.

293 963 339 1024 Ex
367 962 423 1024 hac
452 960 543 1041 igitur
571 959 822 1022 demonstratione
851 958 960 1020 clarius
989 957 1087 1020 adhuc
1109 965 1139 1020 et
1160 956 1330 1018 distinctius

210 1091 298 1152 quam
332 1091 367 1132 ex
400 1090 452 1145 eo,
495 1071 575 1150 quod
608 1070 639 1130 iu
671 1069 825 1148 Proslogio
857 1068 1043 1148 propositum
1076 1075 1123 1128 est
1153 1073 1330 1146 argumento

210 1181 429 1260 cognoscimus,
454 1179 526 1259 quid
548 1179 674 1258 prohare
696 1177 854 1240 Anselmus
871 1177 997 1238 studeat.
1033 1175 1330 1238 Proceditanotione

211 1291 274 1367 Dei,
299 1310 358 1370 qno
381 1289 479 1369 majus
501 1289 576 1350 nihil
599 1287 719 1367 cogitari
743 1294 850 1366 potest,
875 1287 932 1348 hoc
953 1293 1001 1346 est
1022 1285 1098 1346 entis
1111 1285 1329 1366 perfectissimi.

210 1403 275 1464 lam
298 1421 391 1480 quum
415 1401 511 1480 majus
540 1399 653 1478 aliquid
676 1405 706 1460 et
734 1397 842 1460 melius
864 1397 901 1458 sit
932 1415 992 1458 non
1014 1395 1136 1475 cogitari
1159 1414 1248 1476 posse
1270 1415 1332 1458 non

211 1532 287 1586 esse,
312 1532 400 1592 quam
424 1531 484 1572 non
507 1529 573 1572 esse
596 1509 717 1589 cogitari
741 1527 843 1588 posse,
868 1525 921 1568 ens
943 1507 1193 1587 perfectissimum
1215 1507 1241 1568 si
1262 1524 1332 1568 vere

211 1623 386 1702 intelligitur
415 1639 476 1682 non
508 1621 539 1682 in
570 1619 747 1700 cogitatione
775 1618 821 1678 vel
850 1617 1003 1678 intellectu
1033 1617 1085 1678 sed
1115 1636 1146 1678 re
1177 1635 1242 1678 vera
1265 1633 1332 1676 esse

212 1741 338 1813 oportet.
374 1731 425 1792 Vel
448 1731 487 1792 ita
511 1730 662 1792 conclusio
684 1728 811 1808 proponi
833 1735 952 1807 posset:
975 1726 1136 1806 perfectius
1154 1725 1332 1804 estidquod

212 1861 245 1904 re
267 1861 353 1916 vera,
387 1859 476 1920 quam
498 1840 578 1918 qnod
607 1839 639 1900 in
668 1837 846 1918 cogitatione
867 1836 912 1898 uel
939 1835 1093 1898 intellectu
1115 1836 1179 1898 solo
1202 1835 1332 1909 exsistit;

213 1951 293 2014 Deus
322 1969 354 2011 re
382 1968 450 2010 vera
480 1967 533 2010 ens
562 1948 812 2028 perfectissimum
838 1953 900 2006 est:
936 1965 1006 2025 ergo
1029 1964 1061 2006 re
1083 1963 1149 2006 vera
1173 1953 1235 2021 est,
1271 1945 1333 2006 imo

214 2079 274 2124 non
295 2058 371 2120 esse'
384 2077 422 2120 ne
444 2058 565 2137 cogitari
588 2058 708 2136 quidem
733 2064 838 2136 potest.
884 2056 923 2116 m
944 2057 1094 2135 prolecto,
1128 2054 1333 2116 firmissimum

213 2180 242 2234 et
262 2171 432 2232 invincibile
454 2171 511 2232 hoc
532 2177 741 2249 argumentum
763 2176 856 2244 esset,
888 2168 913 2228 si
936 2167 1021 2247 prius
1043 2185 1218 2230 eoncessum
1242 2174 1331 2241 esset,

212 2282 319 2344 realem
342 2288 377 2342 ut
398 2281 438 2341 ita
461 2281 619 2359 loquamur
647 2279 848 2340 exsistentiam
882 2277 960 2338 sieut
985 2297 1011 2338 v.
1036 2297 1064 2356 g.
1089 2275 1334 2356 omnipotentiam

212 2399 242 2453 et
263 2391 501 2454 omniscientiam
524 2409 589 2452 esse
609 2388 825 2469 perlectionem
855 2388 1020 2467 quandam,
1056 2407 1114 2468 qua
1140 2406 1195 2448 ens
1217 2405 1335 2450 summe

212 2503 375 2580 perlectum
398 2519 499 2560 carere
522 2518 582 2560 non
604 2506 715 2578 posset.
751 2498 837 2569 Quod
853 2499 1013 2560 adversarii
1029 2497 1177 2577 negabant
1188 2497 1332 2570 dicentes,

215 2610 311 2670 ideam
340 2609 548 2687 perfectissimi
577 2608 733 2687 cujusdam
764 2628 823 2688 quo
853 2608 950 2688 majus
987 2608 1109 2686 cogitari
1143 2615 1271 2686 nequeat
1300 2607 1331 2668 in

216 2731 315 2780 mente
337 2718 465 2778 humana
488 2735 555 2778 esse
577 2725 606 2778 et
628 2726 728 2780 tamen
751 2719 801 2798 qui
825 2737 890 2780 eam
913 2718 1058 2797 intelligat
1080 2735 1189 2797 negare
1211 2717 1256 2778 vel
1279 2717 1334 2778 du-

215 2825 308 2888 bitare
330 2845 436 2906 posse,
472 2846 543 2910 num
573 2845 626 2888 ens
656 2827 714 2888 tale
744 2847 776 2890 re
804 2848 871 2890 vera
900 2827 1029 2890 exsistat.
1075 2828 1114 2890 Et
1134 2845 1206 2890 saue
1229 2827 1254 2890 si
1277 2846 1334 2888 nu·

215 2937 304 2998 mitris
326 2935 418 2998 divini
441 2936 608 2998 exsistentia
631 2945 661 2998 et
682 2937 769 2998 insita
793 2937 859 3018 ejus
881 2937 913 2999 in
936 2946 1034 2999 mente
1050 2939 1180 3000 humana
1196 2937 1334 3018 cogitatio

216 3065 308 3112 unum
332 3047 471 3126 idemque
494 3056 573 3108 esset
593 3056 672 3110 recte
693 3056 902 3128 argumentum
925 3051 1108 3128 procederet.
1144 3049 1243 3121 Quum
1264 3067 1334 3110 vero

214 3158 287 3218 fides
309 3156 487 3232 christiana,
522 3157 559 3218 ad
589 3177 679 3237 quam
709 3159 941 3220 confirmandam
967 3159 1099 3220 Anselmi
1122 3157 1335 3220 demonstratio

214 3275 343 3328 assumta
368 3277 422 3341 est,
446 3267 578 3346 postulat
599 3276 632 3328 ut
654 3270 859 3346 confiteamur,
884 3270 979 3330 Deum
1001 3287 1062 3330 uon
1085 3268 1182 3330 solum
1201 3287 1217 3328 a
1236 3276 1336 3330 mente

214 3376 342 3438 humana
365 3377 486 3456 cogitari
509 3377 560 3438 sed
584 3377 673 3438 etiam
696 3386 776 3440 extra
799 3397 863 3440 eam
887 3398 919 3440 re
940 3397 1006 3440 vera
1030 3386 1160 3440 mentem
1176 3377 1336 3456 suiipsius

215 3487 362 3548 consciam
392 3506 475 3562 esse,
509 3487 566 3548 alia
596 3488 723 3566 quadam
752 3490 867 3550 ratione
896 3489 1084 3568 probandum
1113 3507 1178 3550 esse
1206 3488 1335 3563 videtur,

215 3613 268 3658 ens
291 3595 539 3676 perfectissimum
561 3596 617 3658 hac
639 3597 722 3675 quasi
745 3597 817 3660 reali
839 3599 1009 3660 exsistentia
1031 3617 1131 3660 carere
1152 3617 1213 3660 non
1235 3616 1334 3678 posse,

214 3705 245 3766 id
273 3705 353 3784 qnod
374 3706 531 3766 Anselmns
562 3706 753 3785 sagacissimo
783 3707 905 3786 quidem
933 3717 1108 3787 argumento
1139 3727 1194 3770 suo
1224 3727 1337 3787 nequa·

215 3833 303 3892 quam
325 3814 362 3876 ah
384 3815 465 3876 omni
487 3815 671 3876 dubitatione
693 3817 835 3878 delendit.
870 3817 987 3896 lleliqui
1012 3818 1140 3898 theologi
1162 3819 1333 3880 scholastici

215 3923 303 3984 etiam
336 3923 388 4003 qui
409 3924 558 3986 Realismo
590 3925 700 3988 addicti
730 3935 815 3988 erant
844 3936 1052 4006 argumentum
1082 3928 1284 4008 ontologicum
1305 3937 1337 3992 et

213 4034 311 4096 rarius
333 4043 553 4121 proposuerunt
581 4043 611 4096 et
633 4036 756 4098 minoris
785 4037 928 4098 momenti
958 4029 1025 4098 esso
1047 4048 1245 4113 censuerunt,
1280 4057 1337 4102 nec

216 4150 313 4204 tamen
339 4143 426 4222 plane
455 4143 645 4208 omisserunt.
699 4146 844 4208 Duorum·
862 4147 1021 4226 praecipue
1050 4148 1183 4210 uirorum
1211 4149 1337 4216 attentio·¹

215 4271 284 4316 nem
305 4253 355 4314 hio
377 4253 512 4314 iacimus.
559 4254 692 4326 Quorum
715 4256 789 4318 alter
809 4257 973 4318 Thomas
994 4258 1165 4337 Aquinas
1195 4259 1226 4320 in
1260 4259 1336 4322 libro

215 4379 271 4426 suo
304 4363 497 4426 celeberrimo
530 4365 581 4444 qni
615 4365 768 4427 Summa
807 4367 934 4430 totius
966 4367 1197 4450 theologiae
1229 4367 1336 4430 inscri-
