3260 5058
644 419 964 536 —77--ss

240 656 274 727 (s
299 649 364 725 15).
412 649 466 710 Est
496 665 564 708 vero
593 647 672 708 idem
703 646 856 727 possibilis
878 651 912 722 (s
937 644 1003 723 19).
1048 646 1249 720 Quamobrem
1271 665 1364 726 quum

239 759 383 842 possibile
406 758 549 820 exsistere
571 757 667 837 possit
682 761 715 832 (S
731 753 790 820 133
802 756 930 832 Outol.),
955 756 1124 818 exsistentia
1146 756 1243 818 eidem
1266 757 1366 820 inesse

240 878 355 950 potest;
379 874 598 947 consequenter
620 885 712 945 quum
736 866 775 926 sit
797 866 915 926 realitas
938 863 1040 940 (920)
1063 873 1092 927 et
1114 866 1262 928 realitates
1284 885 1366 930 corn-

242 979 399 1059 possibilcs
420 977 498 1052 sint,
523 995 598 1055 quae
621 976 682 1037 enti
707 993 764 1038 una
788 975 887 1038 inesse
909 983 1034 1054 possunt
1057 981 1090 1052 (5
1116 974 1166 1052 l),
1195 976 1226 1038 in
1249 976 1366 1040 realita-

244 1095 309 1150 tum
331 1086 586 1166 compossibiiium
618 1103 743 1146 numero
772 1093 827 1146 est.
872 1086 936 1148 Jam
960 1104 1050 1165 porro
1071 1086 1239 1148 exsistentia
1263 1105 1366 1149 neces·

247 1198 321 1260 saria
344 1206 388 1258 est
415 1197 524 1276 gradus
554 1195 691 1258 absolute
721 1195 829 1256 summi
860 1199 892 1270 (s
914 1193 982 1270 20).
1027 1196 1089 1257 Deo
1112 1195 1203 1274 igitur
1225 1197 1366 1276 competit

246 1307 411 1368 exsistentia
433 1305 619 1380 necessaria,
654 1323 707 1368 seu
736 1305 815 1384 quod
839 1306 961 1385 perinde
991 1316 1053 1380 est,
1088 1307 1168 1368 tiens
1197 1307 1366 1370 necessario

245 1416 366 1478 exsistit.

326 1527 393 1606 ipse
415 1535 519 1590 auctor
540 1526 629 1588 ambo
655 1545 731 1606 quas
760 1527 914 1606 proposuit
941 1526 1209 1588 demonstrationes
1231 1525 1364 1606 eiusdem

241 1637 358 1716 generis
380 1655 447 1698 esse
469 1643 580 1710 censet,
605 1655 697 1722 quum
710 1635 801 1707 illam,
825 1635 866 1696 ait
889 1635 1009 1710 (l‘artll
1022 1637 1158 1715 praefat.)
1172 1653 1259 1715 quam
1274 1654 1363 1714 supra

242 1745 453 1825 explicavimus
488 1745 573 1824 vulgo
606 1765 622 1806 a
656 1745 785 1824 priori
819 1745 923 1806 factam
958 1743 1027 1806 dici.
1083 1744 1244 1806 Enimvero
1273 1763 1365 1823 quum

242 1863 377 1918 constare
399 1863 537 1934 nequeat,
562 1854 649 1934 quale
673 1855 787 1916 silens
810 1853 1057 1933 perfectissimum
1082 1853 1139 1914 nisi
1162 1861 1309 1932 quatenus
1331 1873 1366 1916 ex

243 1965 425 2028 realitatibus
441 1984 516 2044 quac
535 1965 639 2026 insunt
661 1963 777 2026 animae
800 1963 920 2042 colligas
942 1963 1081 2026 attributa
1105 1963 1213 2036 divina,
1237 1964 1298 2026 Deo
1321 1963 1367 2024 ni·

242 2075 351 2138 mirum
385 2074 547 2136 illimitatas
583 2073 739 2134 tribuendo
772 2091 847 2152 quae
881 2073 910 2134 in
945 2072 1009 2153 ipsa
1038 2073 1180 2136 limitatae
1202 2074 1366 2152 deprehen·

242 2185 365 2259 duntur,
390 2191 419 2244 et
441 2202 495 2263 per
517 2183 638 2244 modum
661 2191 744 2244 actus
766 2201 841 2261 quae
864 2201 917 2261 per
929 2182 1049 2244 modum
1062 2181 1232 2244 facultatum
1251 2182 1364 2258 insunt,

241 2295 351 2356 rectius
374 2295 431 2356 dici
456 2301 582 2373 poterat,
607 2294 806 2356 exsistentiam
819 2293 872 2354 Dei
895 2293 952 2354 hoc
963 2302 1049 2373 pacto
1061 2312 1096 2354 ex
1107 2293 1366 2373 comtemplatione

243 2405 358 2466 animae
388 2403 596 2464 demonstrari.
642 2403 684 2464 Ex
715 2403 836 2464 notione
865 2403 956 2482 igitur
984 2403 1061 2464 entis
1087 2403 1294 2482 perfectissimi
1317 2421 1367 2464 ex·

245 2514 409 2574 sistentiam
440 2513 500 2574 veri
534 2513 672 2574 Numinis
701 2513 905 2574 demonstrare
935 2513 1013 2574 idem
1044 2521 1090 2574 est
1116 2531 1151 2574 ac
1183 2513 1308 2574 eandem
1331 2531 1367 2574 cx

248 2623 492 2701 contemplatione
503 2623 621 2684 animae
644 2631 763 2686 nostrae
786 2623 920 2686 derivare
943 2622 1046 2702 sicque
1068 2622 1282 2684 demonstratio
1304 2641 1366 2686 uon

248 2731 347 2792 minus
369 2751 383 2792 a
406 2733 625 2810 posteriori
648 2733 792 2812 procedit,
817 2751 905 2813 quam
917 2733 943 2794 si
955 2752 990 2794 ex
1002 2731 1250 2812 contemplatione
1263 2731 1365 2794 mundi

246 2839 338 2920 hujus
366 2835 572 2921 adspecta‘bttts
606 2843 772 2918 derivatur,
808 2843 1058 2922 quemadmodum
1092 2843 1122 2904 in
1156 2850 1239 2922 parte
1272 2842 1367 2922 prima

244 2950 378 3012 fecimus.
423 2951 483 3014 Nos
505 2961 662 3031 utramque
685 2952 969 3014 demonstrationem
993 2952 1263 3032 ontologicam
1285 2953 1366 3032 apel·

242 3060 382 3135 lavimus,
418 3062 486 3140 quia
517 3049 600 3141 prior
628 3081 663 3124 ex
694 3063 813 3124 notione
844 3063 920 3124 entis
951 3063 1127 3138 necessarii,
1162 3063 1309 3142 posterior
1331 3081 1365 3126 ex

242 3172 320 3234 entis
341 3173 547 3250 perfectissimi
578 3173 700 3234 notione
722 3173 923 3236 exsistentiam
946 3173 999 3234 liei
1026 3173 1151 3254 probare
1174 3175 1282 3234 studet.
1327 3173 1366 3234 Et

242 3281 290 3344 illa
314 3282 434 3361 quidem
458 3282 637 3363 philosopho
668 3293 769 3344 nostro
792 3284 910 3362 propria
933 3302 998 3346 esse
1020 3284 1154 3359 ridetur;
1188 3290 1267 3344 certe
1289 3283 1366 3345 entis

242 3393 400 3454 necessarii
438 3393 590 3456 notionem
629 3401 697 3456 ante
727 3393 865 3456 Woltlum
896 3411 984 3456 nemo
1014 3394 1106 3473 quasi
1138 3389 1384 3456 fundamentum

241 3502 490 3580 argumentationi
524 3522 595 3564 suae
629 3503 803 3566 substruxit.
854 3504 983 3582 Apparet
1015 3523 1101 3578 vero,
1136 3504 1212 3566 hanc
1244 3503 1367 3564 demon-

242 3611 414 3672 strationem
437 3631 495 3674 una
519 3620 633 3676 tantum
657 3632 691 3674 ex
715 3613 872 3692 pontefici
896 3614 1049 3676 notionem
1073 3614 1281 3694 contemplari,
1305 3633 1366 3676 non

242 3728 332 3782 totam
355 3720 488 3782 numinis
511 3722 602 3784 divini
625 3723 785 3786 essentiam
807 3723 973 3803 complecti,
998 3743 1058 3803 quo
1080 3725 1123 3796 tn,
1147 3732 1182 3786 nt
1203 3725 1293 3788 nimis
1315 3725 1367 3787 ab·

242 3837 349 3892 etracta
371 3849 436 3892 esse
459 3830 601 3894 videatur.
635 3832 742 3907 Altera,
767 3833 890 3912 qualiei
913 3833 1122 3896 exsistentiae
1145 3835 1265 3898 notione
1289 3835 1366 3900 entis

241 3939 449 4019 perfectissimi
472 3940 621 4003 derivatur
643 3941 871 4032 demonstratio7
896 3950 928 4003 ut
950 3943 1014 4022 ipse
1036 3951 1140 4004 auctor
1162 3946 1245 4016 (nota
1269 3948 1287 4014 s
1310 3939 1363 4017 13)

242 4048 313 4109 dicit
342 4067 409 4110 cunt
439 4050 570 4112 Anselmi
601 4059 631 4112 et
659 4051 783 4113 Cartesii
814 4061 989 4131 argumento
1015 4052 1170 4126 convenit,
1205 4051 1263 4112 nisi
1285 4053 1365 4130 quod

242 4159 366 4220 Wolllns
395 4161 598 4222 exsistentiam
628 4161 705 4222 entis
734 4163 942 4242 perfectissimi
974 4162 1146 4242 possibilem
1168 4179 1236 4224 esse
1259 4180 1365 4240 magno

241 4287 312 4329 sane
345 4270 482 4332 acumine
512 4272 716 4333 demonstrare
747 4273 855 4334 studet.
901 4273 1014 4344 Quodsi
1043 4273 1093 4334 hic
1122 4291 1241 4354 quoqtrc
1269 4271 1366 4352 philo-

242 4379 355 4458 sophus
388 4383 666 4444 exsistentiam
701 4401 767 4444 esse
800 4383 1025 4446 realitatem
1054 4387 1088 4459 (S
1110 4381 1167 4460 2l)
1190 4383 1250 4444 imo
1272 4401 1366 4462 qua-
