3236 5076
684 405 1006 473 „4-

204 562 208 572 '
283 587 467 652 Christianos
489 593 520 648 et
540 604 641 650 rerum
654 587 758 662 ileum,
782 605 871 668 quem
894 585 937 650 illi
956 586 1078 668 quidem
1100 605 1160 650 uon
1184 585 1405 666 cognovissent,

283 699 336 760 sed
359 707 457 760 umen
480 697 692 778 sapientissimi
710 698 764 760 viri
784 697 853 762 inde
871 697 908 760 ab
927 697 1013 760 initio
1031 697 1150 778 generis
1165 697 1289 760 humaui
1304 697 1407 758 animo

282 808 503 890 praesagissent
536 808 584 888 pio
616 808 841 888 verecundaque
874 807 972 870 colere
1005 815 1036 870 et
1064 807 1130 870 vitia
1161 806 1229 882 illa,
1277 825 1408 886 quorum

284 918 366 981 lalsis
388 917 646 980 criminationibus
665 927 877 980 accusarentur
898 935 1085 998 nequaquam
1106 917 1292 980 committere
1313 917 1408 978 immo

284 1029 383 1110 potius
405 1027 579 1090 clarissimis
600 1027 759 1090 virtutibus
781 1028 869 1090 vitam
891 1046 1008 1090 ornare.
1053 1027 1140 1099 Quod
1163 1046 1256 1108 quum
1279 1027 1342 1108 ipsa
1364 1026 1410 1088 vi-

284 1138 370 1200 vendi
393 1138 559 1218 agendique
580 1137 696 1200 ratione
718 1137 844 1200 maxime
867 1137 1052 1218 probandum
1076 1145 1171 1212 esset,
1206 1137 1244 1198 ad
1274 1145 1407 1198 nostram

284 1247 487 1328 quaestionem
510 1267 570 1309 non
592 1247 732 1328 pertinet.
768 1247 845 1310 lllud
868 1266 947 1322 aero,
971 1247 1052 1328 quod
1075 1265 1169 1310 unum
1191 1265 1292 1308 verum
1312 1247 1407 1309 Deum

285 1377 317 1418 re
339 1375 405 1420 vera
428 1356 560 1420 colerent
577 1358 692 1420 ratione
711 1375 782 1420 sane
801 1363 832 1420 et
850 1355 1037 1437 philosophia
1054 1356 1316 1418 demonstrandum
1333 1364 1406 1432 mat,

285 1466 333 1528 cni
366 1475 464 1528 tumen
494 1466 740 1528 demonstrationi
770 1464 845 1528 illud
876 1467 1036 1548 praecipue
1065 1473 1291 1546 argumentum,
1327 1465 1409 1546 quod

286 1576 763 1658 physico-theologicum
814 1576 981 1660 appellatur
1022 1577 1106 1638 valdo
1149 1575 1291 1640 idoneum
1333 1584 1406 1640 erat.

290 1687 356 1759 Quo
379 1688 421 1764 ut,
446 1695 480 1750 ut
501 1687 559 1750 boc
579 1695 787 1769 argumentum
810 1706 871 1750 nou
891 1687 990 1750 solum
1013 1687 1044 1750 in
1067 1687 1151 1750 libris
1173 1686 1246 1748 Novi
1270 1685 1409 1747 Foederis

287 1798 406 1878 saepius
430 1797 516 1860 nobis
538 1807 658 1862 occurat
674 1797 701 1875 ¹)
724 1799 778 1860 sed
800 1797 888 1860 etiam
911 1797 949 1860 ab
971 1796 1189 1877 antiquissimis
1211 1795 1409 1876 scriptoribus

288 1907 495 1968 ecclesiasticis
525 1909 651 1970 maxime
684 1906 913 1986 adhibeatur²).
957 1907 1093 1983 Accedit,
1128 1907 1208 1987 quod
1238 1906 1296 1968 boc
1325 1924 1410 1986 prae-

288 2016 374 2096 cipue
395 2024 572 2096 argumouto
594 2017 816 2080 criminationes
838 2036 927 2098 saepe
948 2018 1083 2093 auditae,
1112 2017 1295 2080 Christianos
1318 2034 1410 2076 noros

288 2125 433 2188 advehere
463 2126 541 2188 Deos
575 2127 685 2206 optime
721 2126 993 2206 redarguebantur,
1039 2127 1108 2208 quia
1138 2126 1322 2191 celeberrimi
1347 2125 1410 2206 jam

289 2239 468 2300 Graecorum
502 2246 532 2299 et
555 2239 755 2302 Romanorum
789 2237 938 2320 sapientes
970 2258 1005 2300 ex
1033 2257 1134 2300 rerum
1164 2246 1269 2300 natura
1299 2255 1410 2300 numen

291 2347 429 2411 Divinum
452 2367 518 2410 esse
541 2348 816 2410 demonstraverant
830 2346 871 2426 ³).

376 2458 478 2538 Neque
522 2466 619 2520 tamen
664 2466 873 2539 argumentum
905 2457 1177 2540 ontologicurn
1216 2458 1253 2522 ab
1291 2459 1411 2524 lllorurn

290 2569 475 2635 saeculorum
497 2570 568 2634 viris
591 2569 686 2632 doctis
709 2569 886 2634 Christianis
907 2569 995 2652 plane
1017 2569 1162 2634 omissum
1180 2579 1248 2646 est,
1283 2589 1412 2652 quornm

290 2680 349 2742 duo
373 2681 498 2744 maxime
520 2681 714 2761 praecellunt.
748 2681 828 2744 Alter
850 2687 915 2744 erat
931 2681 1178 2762 Augustinus
1200 2680 1412 2746 celeberrimus

290 2791 340 2850 ille
365 2791 509 2872 llipponis
532 2791 606 2870 regii
630 2791 798 2870 episcopus,
823 2790 874 2870 qui
896 2809 977 2854 anuo
999 2787 1062 2854 354
1083 2811 1114 2872 p.
1129 2791 1183 2854 Ch.
1207 2801 1296 2856 natus
1316 2800 1413 2856 estet

290 2917 368 2960 anno
395 2896 459 2960 430
482 2918 497 2960 e
521 2899 577 2960 vita
608 2899 743 2962 excessit.
788 2899 817 2962 ls
846 2899 878 2960 in
909 2919 999 2981 opere
1027 2919 1083 2962 suo
1112 2901 1191 2982 qnod
1221 2901 1411 2978 inscribitur;

291 3008 340 3070 lle
371 3007 501 3070 libero
530 3005 747 3085 arbitrio⁴)
776 3008 948 3088 etquidem
971 3009 1049 3076 libro
1071 3009 1098 3072 ll
1120 3009 1321 3091 disputatione
1344 3031 1411 3076 eum

282 3118 439 3200 ¹Evodio
461 3118 601 3199 episcopo
624 3117 759 3182 Uzalensi
774 3117 803 3195 ⁵)
826 3119 961 3182 instituta
982 3129 1189 3200 argumentum
1212 3122 1412 3204 catologicnm

290 3230 439 3312 proponit.
486 3230 525 3292 ln
554 3229 651 3312 primo
681 3227 803 3310 quidem
832 3230 965 3294 uranium
993 3249 1093 3294 rerum
1117 3251 1264 3294 summam
1287 3243 1315 3296 et
1338 3234 1414 3314 opti-

291 3359 371 3402 mam
393 3341 538 3404 rationem
560 3340 721 3405 humanam
745 3360 811 3402 esse
833 3341 1027 3404 demonstrat.
1072 3343 1149 3404 Suut
1170 3351 1271 3418 tres,
1302 3343 1410 3425 inquit,

292 3450 377 3528 (quasi
418 3450 577 3512 exsistendi
618 3451 729 3531 gradus
769 3470 856 3514 esse
889 3458 920 3514 et
953 3451 1082 3514 vivere
1115 3460 1145 3512 et
1176 3453 1413 3534 intelligere

285 3615 600 3630 ,ΜΗ-Μ

284 3751 287 3758 .
362 3717 391 3780 1)
408 3715 497 3767 blattb.
518 3715 552 3768 Vl
569 3717 604 3768 25
622 3729 675 3782 sqq.
706 3717 753 3766 Act
770 3713 832 3766 XlV
849 3715 884 3767 ld
901 3729 954 3780 sqq.
974 3713 1048 3765 XVll
1065 3715 1098 3768 st
1116 3731 1168 3786 sqq.
1198 3721 1260 3772 llorn
1278 3722 1288 3774 l
1307 3725 1340 3776 19
1358 3737 1410 3787 sqq.

313 3857 314 3860 ,
360 3809 389 3872 a)
407 3807 624 3876 Theophilus:
644 3807 837 3875 adnotolyoum
855 3807 864 3858 l
883 3808 924 3860 72.
954 3807 1165 3865 Lactantius:
1187 3816 1310 3868 institutio
1329 3813 1413 3863 divina

294 3892 345 3944 12.
385 3892 567 3972 Gregorius
591 3891 838 3944 Nazianzenus:
869 3892 950 3944 oratio
968 3891 1089 3950 XXVlll.
1126 3898 1286 3952 Basilius:
1311 3891 1411 3943 bomilia

293 3974 339 4028 Vll
358 3977 382 4027 in
401 3975 550 4028 Helaenrer.

362 4062 604 4138 3)Xenophon:
642 4066 815 4122 Memorabilia
841 4069 860 4123 1.
885 4071 909 4124 l.
947 4071 988 4126 lV.
1009 4075 1035 4128 3.
1071 4049 1179 4128 Plato:
1210 4071 1240 4120 de
1257 4066 1355 4130 legibus
1373 4067 1406 4120 X.

295 4155 426 4206 (liberor
456 4155 494 4207 De
513 4163 604 4208 nutura
621 4157 724 4208 deorum
742 4155 764 4207 ll
782 4156 815 4210 38
833 4173 886 4226 sqq.
924 4159 1082 4212 Tusculanae
1101 4154 1281 4224 disputationes
1300 4153 1309 4204 l
1328 4155 1370 4208 29.

361 4250 390 4315 l)
410 4249 518 4316 Opere
535 4250 613 4302 editio
632 4250 761 4302 benedict.
797 4251 870 4304 Paris
889 4256 964 4306 toto.
991 4261 1051 4304 tom.
1071 4251 1081 4301 l
1099 4266 1123 4315 p.
1143 4248 1194 4298 4³5
1213 4262 1265 4313 sqq.

362 4344 391 4407 5)
409 4343 443 4396 el.
465 4342 571 4411 Opera
589 4343 629 4394 ed.
641 4343 776 4394 'Benediet
799 4353 856 4396 tona.
878 4345 899 4398 ll
918 4344 1025 4412 epistula
1043 4340 1142 4394 Clel.
