3260 5058
664 425 1011 494 -116—

280 626 366 690 saepe
405 607 516 688 ingenii
555 605 674 669 dotibus
713 607 839 690 praediti
879 616 909 670 et
940 606 1144 690 philosophica
1185 627 1275 690 quam
1309 631 1398 694 supra

280 717 470 800 exposuimus
486 715 514 796 ¹)
554 717 687 780 doctrina
727 717 834 780 imbuti
870 736 930 780 non
963 723 1024 781 hm
1047 718 1142 780 Deum
1176 721 1299 784 omnino
1332 742 1399 788 esse

278 837 404 910 negant,
446 847 534 910 quam
573 827 662 890 talem
703 827 835 892 numinis
876 827 966 890 divini
1006 828 1159 890 notionem
1201 841 1301 894 mente
1341 835 1398 897 sibi

279 941 467 1016 effinxerunt,
491 947 524 1001 ut
546 946 624 1002 extra
648 939 829 1001 intellectum
852 939 1016 1001 humanum
1039 939 1122 1001 nullo
1146 942 1235 1003 modo
1258 944 1398 1008 exsistere

279 1069 367 1134 posse
397 1049 552 1131 cogitando
588 1058 686 1112 autem
715 1049 805 1112 simul
841 1050 944 1112 adesse
973 1049 1165 1114 contendant.
1220 1053 1295 1116 Nam
1331 1075 1398 1136 per-

279 1161 365 1242 pauci
388 1168 503 1222 tantum
525 1180 560 1222 ex
582 1160 647 1236 his,
675 1159 726 1242 qui
748 1159 952 1242 philosophiae
974 1159 1107 1222 doctrina
1131 1179 1192 1224 non
1215 1161 1322 1226 imbuti
1344 1166 1396 1228 sed

280 1272 383 1334 leviter
403 1271 516 1333 atlinoti
538 1279 623 1332 erant
644 1271 761 1333 fanatici
783 1269 935 1350 religionis
957 1269 1069 1332 inimici
1090 1281 1256 1334 evaserunt.
1294 1275 1395 1356 ltaque

276 1383 337 1466 jam
370 1381 584 1464 praescriptum
617 1380 703 1446 nobis
732 1399 798 1444 esse
827 1379 957 1458 videtur,
999 1381 1070 1462 quid
1101 1399 1214 1444 summa
1242 1383 1391 1463 diligentia

279 1492 405 1574 probare
446 1490 629 1554 studeamus.
689 1491 802 1572 Nempe
844 1491 960 1554 lleum
1004 1510 1209 1572 personam
1251 1492 1287 1554 id
1331 1501 1387 1555 est

280 1621 462 1665 summanr
484 1609 650 1664 mentem
672 1601 732 1664 sui
762 1601 892 1683 ipsius
922 1602 1120 1664 consciam
1143 1603 1306 1684 ideoque
1325 1622 1390 1684 per

281 1733 321 1776 se
354 1713 644 1776 subsistentem
676 1730 763 1775 esse
796 1712 1048 1792 argumentatione
1080 1721 1182 1776 nostra
1216 1714 1397 1776 demonstra-

280 1825 390 1900 bimus,
414 1823 444 1885 id
466 1823 557 1904 quod,
581 1833 614 1884 ut
635 1821 723 1884 nobis
745 1841 815 1884 sane
837 1841 1012 1904 persuasum
1035 1831 1097 1900 est,
1122 1833 1151 1886 et
1174 1826 1249 1886 ratio
1272 1825 1401 1886 humana

281 1944 311 1998 et
332 1934 436 2016 religio
465 1934 612 2016 imprimis
635 1933 800 1996 Christiana
830 1934 1001 1996 omnimodo
1030 1934 1135 2014 poscit.
1181 1936 1243 1998 Nos
1270 1936 1400 2015 prolecto

281 2064 341 2110 non
364 2044 574 2126 intelligimus,
609 2044 758 2126 quomodo
788 2044 864 2106 ratio
886 2043 939 2106 uei
961 2044 991 2106 h.
1016 2063 1042 2106 e.
1067 2045 1143 2108 entis
1166 2046 1350 2126 perfectioris
1373 2053 1402 2108 et

282 2155 456 2238 superioris,
479 2155 558 2236 quod
580 2162 678 2216 tamen
702 2173 798 2234 neque
819 2173 873 2236 per
895 2173 927 2216 se
949 2153 1092 2218 subsistat
1117 2174 1213 2233 neque
1235 2155 1283 2216 sui
1305 2155 1401 2234 ipsius

282 2265 434 2326 conscium
463 2264 501 2326 sit
531 2264 687 2344 concipere
715 2264 810 2346 possit
831 2264 945 2339 ideam,
980 2283 1072 2344 quum
1095 2264 1192 2344 potius
1214 2281 1248 2324 ex
1270 2263 1398 2324 naturali

281 2373 437 2436 hominum
460 2373 611 2436 intellectu
633 2381 758 2454 utraque
779 2374 861 2436 notio
883 2373 1119 2455 inseparabiliter
1136 2391 1203 2434 oum
1219 2371 1309 2434 altera
1325 2389 1398 2434 con-

280 2485 383 2566 juncta
415 2482 464 2546 sit.
517 2483 631 2564 Religio
661 2483 766 2561 etiam,
801 2503 1010 2566 quamcunque
1041 2483 1120 2546 vocis
1152 2482 1398 2564 significationem

283 2593 479 2676 accipiamus,
514 2614 578 2656 eam
608 2595 745 2658 homines
777 2594 855 2658 inter
886 2603 916 2658 et
947 2613 1059 2657 numen
1092 2593 1223 2656 divinum
1255 2593 1401 2654 rationem

286 2705 381 2788 ponit,
405 2724 462 2785 qua
485 2704 579 2767 Deum
610 2713 772 2768 contestata
799 2725 853 2786 per
881 2704 1052 2767 universum
1082 2723 1182 2766 rerum
1211 2703 1344 2766 ordinem
1373 2711 1402 2766 et

283 2815 404 2896 probata
433 2815 565 2896 quotidie
594 2815 710 2877 naturis
743 2814 937 2876 rationalibus
967 2814 1034 2894 eius
1063 2815 1210 2894 potentia,
1245 2813 1397 2894 sapientia,

284 2923 465 3004 benignitate
494 2942 609 2986 summa
638 2923 814 2986 verecundia
838 2923 1071 3004 plenissimoque
1092 2942 1194 2986 amore
1216 2940 1392 2995 veneramur,

285 3033 395 3114 quibus
419 3032 530 3095 vicibus
553 3033 711 3095 nisiinter
739 3039 853 3094 mentes
883 3031 1046 3112 suiipsius
1076 3033 1210 3094 conscias
1236 3033 1317 3096 loeus
1336 3047 1394 3094 nou

284 3154 339 3206 est.
384 3143 472 3206 Fides
494 3143 622 3223 denique
645 3122 810 3206 Christiana
840 3142 905 3206 sine
928 3139 1018 3204 dubio
1040 3140 1133 3202 Deum
1160 3160 1318 3221 personam
1339 3140 1398 3202 sive

284 3275 429 3318 summam
453 3263 582 3318 mentem
604 3273 657 3335 per
679 3273 711 3318 se
732 3254 945 3318 subsistentem
967 3271 1033 3316 esse
1055 3253 1149 3314 docet.
1196 3252 1282 3324 Quod
1304 3261 1402 3314 autem

284 3367 320 3428 ad
340 3366 507 3447 argumenti
527 3365 620 3428 nostri
640 3367 763 3428 sormam
783 3366 896 3440 attinet,
921 3362 1185 3443 ontologioam
1208 3381 1283 3441 quae
1296 3363 1403 3424 dicitur

285 3477 567 3540 demonstrationem
589 3478 629 3540 ita
650 3476 866 3554 adhibebimus,
891 3485 923 3539 ut
945 3496 980 3538 ex
994 3476 1057 3556 ipsa
1075 3473 1272 3536 entissummi
1292 3481 1322 3534 et
1336 3491 1402 3553 per·

285 3589 353 3650 lecti
375 3589 496 3650 notione
509 3588 601 3651 Deum
626 3597 754 3650 mentem
777 3590 823 3650 sui
846 3589 940 3670 ipsius
959 3587 1106 3648 consciam
1126 3603 1191 3646 esse
1213 3584 1403 3646 ostendamus

285 3708 373 3778 atqrre
395 3699 547 3780 responsis
569 3699 604 3760 ad
628 3698 738 3780 plures,
763 3717 837 3778 quae
854 3699 929 3758 lorte
944 3696 1069 3776 prolerri
1081 3702 1204 3776 possent
1220 3693 1402 3774 objectiones

286 3809 361 3870 datis
385 3829 456 3870 num
479 3809 528 3870 alii
558 3828 676 3890 quoque
702 3807 854 3890 prioribus
876 3805 1060 3888 temporibus
1082 3807 1138 3868 hac
1160 3805 1224 3885 ipsa
1246 3822 1403 3885 argumen-

287 3919 396 3980 tatione
420 3918 465 3982 usi
488 3919 549 3980 sint
569 3918 615 3980 vel
636 3926 715 3982 certe
737 3917 774 3980 de
797 3937 830 3979 ea
852 3914 1081 3998 significaverint
1101 3915 1262 3978 rideamus.

354 4156 382 4222 1)
401 4155 433 4206 el.
454 4155 517 4206 Pars
535 4155 546 4208 l
564 4171 617 4224 cap.
638 4154 695 4210 Vlll
712 4173 736 4224 p.
757 4156 807 4208 tot
824 4171 878 4222 sqq.
