3260 5058
679 1309 835 1391 CAPUT
864 1309 893 1389 Ι.

489 1525 665 1608 argument
686 1524 787 1590 nostrl
809 1523 856 1590 rts
879 1525 971 1605 atque
992 1521 1084 1588 retlo.

325 1831 428 1938 lluum
462 1880 566 1922 novam
595 1860 760 1940 argumenti
789 1877 843 1940 pro
865 1857 917 1920 llei
947 1857 1114 1920 exsistentia
1143 1858 1266 1919 lormam
1300 1878 1349 1920 ex-

236 1992 347 2054 ponere
370 1989 513 2033 conamur
533 1971 617 2051 prius
640 1970 845 2050 explicandum
869 1969 956 2030 nobis
978 1969 1051 2044 erit,
1082 1969 1203 2050 etquid
1226 1969 1349 2030 demon-

236 2083 337 2146 stratio
357 2090 458 2143 nostra
475 2081 600 2162 probare
621 2081 691 2143 velit
712 2089 740 2144 et
763 2100 851 2162 quam
872 2080 1001 2142 veritatis
1022 2079 1112 2160 hujus
1134 2079 1350 2160 investigandae

235 2194 306 2274 quin
338 2193 439 2274 potius
476 2193 640 2254 certissime
677 2193 894 2280 confirmandae
927 2192 1002 2253 viam
1036 2190 1211 2272 ingredituri
1244 2190 1347 2253 simus

232 2305 297 2364 tam
339 2304 419 2383 quod
459 2304 564 2365 attinet
602 2303 638 2365 ad
679 2281 820 2384 priorem
848 2303 1070 2383 quaestionem,
1111 2321 1171 2364 non
1211 2321 1350 2364 numen

234 2415 408 2476 divinum
432 2414 628 2474 exsistere
646 2415 849 2475 ostendemus.
872 2415 946 2474 Nam
965 2414 1031 2488 hoe,
1057 2413 1083 2472 si
1102 2413 1268 2473 accuratius
1287 2431 1349 2474 rem

235 2530 468 2600 perscrutamur,
491 2539 579 2579 nemo
602 2522 694 2592 forte,
722 2522 772 2596 qui
795 2537 866 2577 sana
888 2527 986 2577 mente
1009 2519 1159 2595 praeditus
1181 2528 1210 2579 et
1231 2521 1349 2582 insitam

238 2629 295 2688 sibi
328 2628 471 2686 rationem
506 2625 645 2686 adhibere
678 2627 860 2685 assuefactus
893 2631 938 2684 est
969 2643 1077 2704 negare
1106 2633 1212 2703 potest.
1256 2628 1292 2688 Et
1325 2631 1350 2690 si

237 2737 347 2800 nostris
370 2727 488 2816 quidem
511 2735 694 2816 temporibus
711 2735 849 2815 permulti
871 2735 962 2796 immo
985 2755 1001 2796 c
1024 2735 1191 2797 Christiana
1214 2737 1351 2799 societate

236 2847 381 2930 progeniti
412 2857 589 2926 nostraeque
618 2845 769 2926 religionis
799 2846 972 2908 educatione
1001 2865 1036 2908 ac
1062 2845 1194 2908 doctrina
1224 2847 1351 2908 instituti

235 2961 330 3022 [lcum
360 2979 425 3021 esse
454 2979 513 3020 non
542 2958 637 3020 solum
668 2958 734 3020 aliis
769 2977 878 3039 negare
907 2957 1059 3034 videntur,
1095 2959 1147 3020 sed
1177 2959 1234 3040 ipsi
1264 2958 1352 3020 etiam

236 3083 336 3152 aperte
368 3071 557 3151 praedicant,
599 3069 754 3151 diligenter
787 3078 883 3132 tamen
918 3070 1084 3132 examinare
1118 3070 1260 3132 debemus
1293 3088 1352 3148 quo

237 3201 327 3241 sensu
356 3181 411 3264 ista
434 3181 487 3240 Dei
516 3180 632 3257 negatio
667 3181 857 3258 intelligenda
884 3180 933 3240 sit.
982 3180 1037 3241 Alii
1068 3180 1165 3256 enim,
1208 3187 1237 3241 et
1265 3179 1352 3259 longe

237 3288 362 3346 maxima
375 3289 493 3366 quidem
506 3308 573 3366 pars
595 3289 673 3349 inter
694 3289 783 3368 hujus
804 3289 879 3348 vitae
901 3288 1028 3364 labores,
1053 3307 1150 3364 curaS,
1174 3290 1348 3369 voluptates

238 3395 414 3474 cupiditates
435 3396 608 3474 religionem
631 3397 819 3458 omninovile
834 3397 990 3459 aestimant
1006 3417 1063 3459 nec
1083 3417 1213 3478 unquam
1231 3399 1268 3459 de
1287 3417 1353 3478 gra-

237 3503 356 3566 vissima
381 3505 624 3586 sanctissimaque
647 3506 779 3568 omnium
802 3507 956 3568 hominum
980 3527 1066 3570 causa
1090 3507 1229 3588 cogitant.
1264 3509 1352 3590 Ejus-

237 3613 318 3676 modi
351 3615 486 3676 homines
518 3635 574 3677 nec
605 3625 703 3678 utrum
727 3617 806 3679 lleus
839 3617 877 3678 sit
909 3637 1002 3680 necne
1035 3626 1182 3698 quaerunt
1210 3627 1238 3680 et
1264 3639 1350 3702 saepe

237 3725 324 3786 vitam
358 3744 440 3786 suam
474 3725 513 3786 ita
545 3727 721 3803 instituunt,
764 3728 847 3808 quasi
887 3747 943 3790 nec
980 3747 1033 3789 ens
1066 3729 1197 3790 divinum
1231 3731 1351 3792 omnino

238 3835 359 3896 exsistat
388 3854 443 3896 nec
472 3835 630 3915 aliquando
659 3837 734 3899 vitae
757 3839 901 3900 rationem
924 3839 961 3900 ab
982 3839 1153 3901 hominibus
1176 3841 1349 3920 expostulet.

237 3945 396 4008 Miserrimi
420 3945 538 4024 quidem
561 3946 610 4006 isti
634 3955 720 4019 sunt,
756 3950 824 4027 qui,
856 3950 881 4011 si
904 3949 948 4010 vel
971 3949 1100 4030 paullum
1125 3950 1161 4011 de
1183 3969 1297 4021 summa
1318 3971 1352 4012 re

237 4056 367 4118 humana
389 4055 516 4135 cogitare
538 4054 645 4131 velint,
674 4057 759 4118 facile
780 4058 816 4118 ad
840 4059 1054 4138 agnoscendam
1077 4059 1130 4119 llei
1153 4060 1351 4121 exsistentiam

238 4166 456 4227 adducerentur
484 4164 702 4246 maximamque
731 4185 747 4227 e
775 4167 838 4228 vivo
854 4168 958 4248 ¹hujus
980 4169 1047 4230 lldei
1078 4169 1158 4230 lonte
1180 4169 1353 4231 corrobora-

240 4275 350 4337 tionem
383 4283 413 4336 et
444 4275 693 4351 consolationem,
735 4295 884 4338 summurn
918 4278 1034 4340 virtutis
1067 4279 1215 4354 studium,
1255 4298 1351 4340 veram
1385 4257 1387 4262 ¹

239 4393 447 4467 aeternamque
468 4385 680 4448 beatitudinem
703 4385 865 4448 haurirent.
910 4387 965 4448 Alii
988 4395 1100 4462 autem,
1125 4389 1196 4451 etii
1219 4389 1352 4451 maximis

867 4489 869 4492 .
1152 4489 1186 4541 8*
