<?xml version="1.0" encoding="UTF-8"?>
<!DOCTYPE html PUBLIC "-//W3C//DTD XHTML 1.0 Transitional//EN"
    "http://www.w3.org/TR/xhtml1/DTD/xhtml1-transitional.dtd">
<html xmlns="http://www.w3.org/1999/xhtml" xml:lang="en" lang="en">
 <head>
  <title>
</title>
<meta http-equiv="Content-Type" content="text/html;charset=utf-8" />
  <meta name='ocr-system' content='tesseract 3.04.00' />
  <meta name='ocr-capabilities' content='ocr_page ocr_carea ocr_par ocr_line ocrx_word'/>
</head>
<body>
  <div class='ocr_page' id='page_1' title='image "./deontologicopro00waltgoog_0097.png"; bbox 0 0 3260 5058; ppageno 0'>
   <div class='ocr_carea' id='block_1_1' title="bbox 674 445 998 533">
    <p class='ocr_par' dir='ltr' id='par_1_1' title="bbox 674 445 998 533">
     <span class='ocr_line' id='line_1_1' title="bbox 674 445 998 533; baseline 0 -19"><span class='ocrx_word' id='word_1_1' title='bbox 674 501 760 514; x_wconf 80' lang='grc'><em>...-</em></span> <span class='ocrx_word' id='word_1_2' title='bbox 812 445 861 533; x_wconf 69' lang='lat' dir='ltr'>gg</span> <span class='ocrx_word' id='word_1_3' title='bbox 912 501 998 514; x_wconf 85' lang='lat'>....</span> 
     </span>
    </p>
   </div>
   <div class='ocr_carea' id='block_1_2' title="bbox 273 641 1402 2154">
    <p class='ocr_par' dir='ltr' id='par_1_2' title="bbox 273 641 1402 2154">
     <span class='ocr_line' id='line_1_2' title="bbox 274 641 1400 726; baseline -0.006 -16"><span class='ocrx_word' id='word_1_4' title='bbox 274 649 347 711; x_wconf 90' lang='lat' dir='ltr'>nino</span> <span class='ocrx_word' id='word_1_5' title='bbox 368 665 468 710; x_wconf 83' lang='lat' dir='ltr'>veram</span> <span class='ocrx_word' id='word_1_6' title='bbox 490 645 692 710; x_wconf 84' lang='lat' dir='ltr'>exsistentiam</span> <span class='ocrx_word' id='word_1_7' title='bbox 714 645 930 726; x_wconf 90' lang='lat' dir='ltr'>perfectissime</span> <span class='ocrx_word' id='word_1_8' title='bbox 948 651 1097 726; x_wconf 78' lang='lat' dir='ltr'>tamquam</span> <span class='ocrx_word' id='word_1_9' title='bbox 1120 661 1188 706; x_wconf 87' lang='lat' dir='ltr'>rere</span> <span class='ocrx_word' id='word_1_10' title='bbox 1209 641 1400 704; x_wconf 69' lang='lat' dir='ltr'>exsistentem</span> 
     </span>
     <span class='ocr_line' id='line_1_3' title="bbox 274 753 1400 838; baseline -0.005 -18"><span class='ocrx_word' id='word_1_11' title='bbox 274 758 428 838; x_wconf 77' lang='lat' dir='ltr'><strong>cogitaret.</strong></span> <span class='ocrx_word' id='word_1_12' title='bbox 463 757 501 818; x_wconf 87' lang='lat' dir='ltr'>Et</span> <span class='ocrx_word' id='word_1_13' title='bbox 522 756 656 837; x_wconf 86' lang='lat' dir='ltr'>profecto</span> <span class='ocrx_word' id='word_1_14' title='bbox 677 755 814 836; x_wconf 87' lang='lat' dir='ltr'>quisquis</span> <span class='ocrx_word' id='word_1_15' title='bbox 836 754 942 816; x_wconf 88' lang='lat' dir='ltr'>omnis.</span> <span class='ocrx_word' id='word_1_16' title='bbox 955 753 1155 835; x_wconf 76' lang='lat' dir='ltr'>perceptionis</span> <span class='ocrx_word' id='word_1_17' title='bbox 1177 771 1269 834; x_wconf 90' lang='lat' dir='ltr'>quom</span> <span class='ocrx_word' id='word_1_18' title='bbox 1291 759 1400 815; x_wconf 87' lang='lat' dir='ltr'>nexum</span> 
     </span>
     <span class='ocr_line' id='line_1_4' title="bbox 274 863 1401 946; baseline -0.005 -16"><span class='ocrx_word' id='word_1_19' title='bbox 274 876 338 930; x_wconf 90' lang='lat' dir='ltr'>tum</span> <span class='ocrx_word' id='word_1_20' title='bbox 360 867 539 930; x_wconf 87' lang='lat' dir='ltr'>immensam</span> <span class='ocrx_word' id='word_1_21' title='bbox 560 865 792 946; x_wconf 75' lang='lat' dir='ltr'>profunditatem</span> <span class='ocrx_word' id='word_1_22' title='bbox 815 865 861 926; x_wconf 86' lang='lat' dir='ltr'>vel</span> <span class='ocrx_word' id='word_1_23' title='bbox 883 864 982 944; x_wconf 88' lang='lat' dir='ltr'>aliqua</span> <span class='ocrx_word' id='word_1_24' title='bbox 1004 883 1040 926; x_wconf 87' lang='lat' dir='ltr'>ex</span> <span class='ocrx_word' id='word_1_25' title='bbox 1062 871 1145 944; x_wconf 89' lang='lat' dir='ltr'>parte</span> <span class='ocrx_word' id='word_1_26' title='bbox 1157 863 1306 943; x_wconf 88' lang='lat' dir='ltr'>intelligit,</span> <span class='ocrx_word' id='word_1_27' title='bbox 1330 881 1401 924; x_wconf 82' lang='lat' dir='ltr'>con-</span> 
     </span>
     <span class='ocr_line' id='line_1_5' title="bbox 274 972 1398 1055; baseline -0.005 -15"><span class='ocrx_word' id='word_1_28' title='bbox 274 976 360 1040; x_wconf 89' lang='lat' dir='ltr'>cedet</span> <span class='ocrx_word' id='word_1_29' title='bbox 382 976 495 1039; x_wconf 90' lang='lat' dir='ltr'>nullam</span> <span class='ocrx_word' id='word_1_30' title='bbox 517 993 619 1038; x_wconf 91' lang='lat' dir='ltr'>earum</span> <span class='ocrx_word' id='word_1_31' title='bbox 637 975 853 1055; x_wconf 75' lang='lat' dir='ltr'>perfectissime</span> <span class='ocrx_word' id='word_1_32' title='bbox 870 982 900 1036; x_wconf 93' lang='lat' dir='ltr'>et</span> <span class='ocrx_word' id='word_1_33' title='bbox 915 973 1141 1036; x_wconf 86' lang='lat' dir='ltr'>distinctissime</span> <span class='ocrx_word' id='word_1_34' title='bbox 1157 972 1282 1052; x_wconf 80' lang='lat' dir='ltr'>intelligi</span> <span class='ocrx_word' id='word_1_35' title='bbox 1299 989 1398 1052; x_wconf 88' lang='lat' dir='ltr'>posse,</span> 
     </span>
     <span class='ocr_line' id='line_1_6' title="bbox 274 1061 1402 1150; baseline -0.004 -1"><span class='ocrx_word' id='word_1_36' title='bbox 274 1087 334 1150; x_wconf 91' lang='lat' dir='ltr'>nisi</span> <span class='ocrx_word' id='word_1_37' title='bbox 356 1085 495 1149; x_wconf 87' lang='lat' dir='ltr'>universa</span> <span class='ocrx_word' id='word_1_38' title='bbox 517 1104 621 1148; x_wconf 88' lang='lat' dir='ltr'>eurum</span> <span class='ocrx_word' id='word_1_39' title='bbox 643 1103 760 1146; x_wconf 89' lang='lat' dir='ltr'>summa</span> <span class='ocrx_word' id='word_1_40' title='bbox 781 1084 887 1146; x_wconf 90' lang='lat' dir='ltr'>eodem</span> <span class='ocrx_word' id='word_1_41' title='bbox 909 1091 938 1145; x_wconf 90' lang='lat' dir='ltr'>et</span> <span class='ocrx_word' id='word_1_42' title='bbox 958 1083 1090 1145; x_wconf 84' lang='lat' dir='ltr'>veritatis</span> <span class='ocrx_word' id='word_1_43' title='bbox 1112 1092 1143 1144; x_wconf 91' lang='lat' dir='ltr'>et</span> <span class='ocrx_word' id='word_1_44' title='bbox 1163 1061 1350 1145; x_wconf 85' lang='lat' dir='ltr'>certitudinis</span> <span class='ocrx_word' id='word_1_45' title='bbox 1372 1089 1402 1144; x_wconf 93' lang='lat' dir='ltr'>et</span> 
     </span>
     <span class='ocr_line' id='line_1_7' title="bbox 273 1192 1400 1278; baseline -0.006 -19"><span class='ocrx_word' id='word_1_46' title='bbox 273 1196 467 1278; x_wconf 88' lang='lat' dir='ltr'>perfectionis</span> <span class='ocrx_word' id='word_1_47' title='bbox 489 1194 578 1266; x_wconf 88' lang='lat' dir='ltr'>modo</span> <span class='ocrx_word' id='word_1_48' title='bbox 608 1193 801 1274; x_wconf 80' lang='lat' dir='ltr'>intelligatur.</span> <span class='ocrx_word' id='word_1_49' title='bbox 847 1193 945 1256; x_wconf 90' lang='lat' dir='ltr'>Unum</span> <span class='ocrx_word' id='word_1_50' title='bbox 968 1192 1059 1273; x_wconf 89' lang='lat' dir='ltr'>igilur</span> <span class='ocrx_word' id='word_1_51' title='bbox 1081 1211 1135 1254; x_wconf 92' lang='lat' dir='ltr'>ens</span> <span class='ocrx_word' id='word_1_52' title='bbox 1158 1192 1306 1272; x_wconf 89' lang='lat' dir='ltr'>cogitans,</span> <span class='ocrx_word' id='word_1_53' title='bbox 1341 1209 1400 1253; x_wconf 88' lang='lat' dir='ltr'>una</span> 
     </span>
     <span class='ocr_line' id='line_1_8' title="bbox 276 1301 1400 1384; baseline -0.004 -16"><span class='ocrx_word' id='word_1_54' title='bbox 276 1325 362 1369; x_wconf 86' lang='lat' dir='ltr'>mens</span> <span class='ocrx_word' id='word_1_55' title='bbox 384 1306 506 1369; x_wconf 84' lang='lat' dir='ltr'>exsistat</span> <span class='ocrx_word' id='word_1_56' title='bbox 527 1321 650 1367; x_wconf 89' lang='lat' dir='ltr'>necesse</span> <span class='ocrx_word' id='word_1_57' title='bbox 673 1311 735 1380; x_wconf 90' lang='lat' dir='ltr'>est,</span> <span class='ocrx_word' id='word_1_58' title='bbox 770 1323 847 1384; x_wconf 89' lang='lat' dir='ltr'>quae</span> <span class='ocrx_word' id='word_1_59' title='bbox 875 1322 935 1365; x_wconf 92' lang='lat' dir='ltr'>non</span> <span class='ocrx_word' id='word_1_60' title='bbox 967 1303 1065 1365; x_wconf 89' lang='lat' dir='ltr'>solum</span> <span class='ocrx_word' id='word_1_61' title='bbox 1094 1322 1142 1365; x_wconf 90' lang='lat' dir='ltr'>me</span> <span class='ocrx_word' id='word_1_62' title='bbox 1171 1321 1237 1365; x_wconf 89' lang='lat' dir='ltr'>cum</span> <span class='ocrx_word' id='word_1_63' title='bbox 1261 1301 1400 1364; x_wconf 88' lang='lat' dir='ltr'>omnibus</span> 
     </span>
     <span class='ocr_line' id='line_1_9' title="bbox 276 1412 1400 1496; baseline -0.004 -18"><span class='ocrx_word' id='word_1_64' title='bbox 276 1417 352 1478; x_wconf 87' lang='lat' dir='ltr'>meis</span> <span class='ocrx_word' id='word_1_65' title='bbox 374 1425 404 1478; x_wconf 93' lang='lat' dir='ltr'>et</span> <span class='ocrx_word' id='word_1_66' title='bbox 424 1415 615 1496; x_wconf 89' lang='lat' dir='ltr'>qualitatibus</span> <span class='ocrx_word' id='word_1_67' title='bbox 636 1423 666 1476; x_wconf 93' lang='lat' dir='ltr'>et</span> <span class='ocrx_word' id='word_1_68' title='bbox 687 1413 860 1476; x_wconf 87' lang='lat' dir='ltr'>notionibus</span> <span class='ocrx_word' id='word_1_69' title='bbox 882 1422 912 1475; x_wconf 91' lang='lat' dir='ltr'>et</span> <span class='ocrx_word' id='word_1_70' title='bbox 933 1413 1166 1489; x_wconf 81' lang='lat' dir='ltr'>discriminibus,</span> <span class='ocrx_word' id='word_1_71' title='bbox 1191 1413 1245 1474; x_wconf 90' lang='lat' dir='ltr'>sed</span> <span class='ocrx_word' id='word_1_72' title='bbox 1267 1412 1400 1474; x_wconf 87' lang='lat' dir='ltr'>omnium</span> 
     </span>
     <span class='ocr_line' id='line_1_10' title="bbox 276 1523 1402 1605; baseline -0.004 -17"><span class='ocrx_word' id='word_1_73' title='bbox 276 1525 365 1588; x_wconf 84' lang='lat' dir='ltr'>ctiam</span> <span class='ocrx_word' id='word_1_74' title='bbox 388 1525 577 1605; x_wconf 89' lang='lat' dir='ltr'>possibilium</span> <span class='ocrx_word' id='word_1_75' title='bbox 599 1543 746 1586; x_wconf 90' lang='lat' dir='ltr'>summam</span> <span class='ocrx_word' id='word_1_76' title='bbox 767 1523 959 1604; x_wconf 88' lang='lat' dir='ltr'>possibilem,</span> <span class='ocrx_word' id='word_1_77' title='bbox 984 1523 1118 1586; x_wconf 89' lang='lat' dir='ltr'>omnium</span> <span class='ocrx_word' id='word_1_78' title='bbox 1140 1539 1239 1584; x_wconf 90' lang='lat' dir='ltr'>rerum</span> <span class='ocrx_word' id='word_1_79' title='bbox 1261 1541 1331 1584; x_wconf 85' lang='lat' dir='ltr'>rere</span> <span class='ocrx_word' id='word_1_80' title='bbox 1352 1541 1402 1583; x_wconf 82' lang='lat' dir='ltr'>ex·</span> 
     </span>
     <span class='ocr_line' id='line_1_11' title="bbox 276 1631 1401 1712; baseline -0.004 -15"><span class='ocrx_word' id='word_1_81' title='bbox 276 1635 445 1698; x_wconf 88' lang='lat' dir='ltr'>sistentium</span> <span class='ocrx_word' id='word_1_82' title='bbox 467 1653 613 1696; x_wconf 85' lang='lat' dir='ltr'>summam</span> <span class='ocrx_word' id='word_1_83' title='bbox 635 1653 703 1696; x_wconf 85' lang='lat' dir='ltr'>vere</span> <span class='ocrx_word' id='word_1_84' title='bbox 725 1633 933 1710; x_wconf 80' lang='lat' dir='ltr'>exsistentem,</span> <span class='ocrx_word' id='word_1_85' title='bbox 958 1633 1110 1709; x_wconf 89' lang='lat' dir='ltr'>omnium,</span> <span class='ocrx_word' id='word_1_86' title='bbox 1134 1633 1271 1712; x_wconf 90' lang='lat' dir='ltr'>inquam,</span> <span class='ocrx_word' id='word_1_87' title='bbox 1295 1631 1401 1693; x_wconf 87' lang='lat' dir='ltr'>verita·-</span> 
     </span>
     <span class='ocr_line' id='line_1_12' title="bbox 276 1743 1401 1824; baseline -0.004 -17"><span class='ocrx_word' id='word_1_88' title='bbox 276 1753 340 1807; x_wconf 90' lang='lat' dir='ltr'>tum</span> <span class='ocrx_word' id='word_1_89' title='bbox 363 1763 509 1807; x_wconf 90' lang='lat' dir='ltr'>summam</span> <span class='ocrx_word' id='word_1_90' title='bbox 532 1761 718 1824; x_wconf 89' lang='lat' dir='ltr'>nexumque,</span> <span class='ocrx_word' id='word_1_91' title='bbox 754 1763 843 1824; x_wconf 89' lang='lat' dir='ltr'>quam</span> <span class='ocrx_word' id='word_1_92' title='bbox 873 1743 999 1806; x_wconf 89' lang='lat' dir='ltr'>maxima</span> <span class='ocrx_word' id='word_1_93' title='bbox 1021 1761 1124 1804; x_wconf 90' lang='lat' dir='ltr'>earum</span> <span class='ocrx_word' id='word_1_94' title='bbox 1147 1750 1244 1822; x_wconf 89' lang='lat' dir='ltr'>potest</span> <span class='ocrx_word' id='word_1_95' title='bbox 1265 1759 1331 1803; x_wconf 87' lang='lat' dir='ltr'>csse</span> <span class='ocrx_word' id='word_1_96' title='bbox 1352 1759 1401 1802; x_wconf 86' lang='lat' dir='ltr'>ex-</span> 
     </span>
     <span class='ocr_line' id='line_1_13' title="bbox 275 1853 1398 1936; baseline -0.004 -19"><span class='ocrx_word' id='word_1_97' title='bbox 275 1855 395 1936; x_wconf 82' lang='lat' dir='ltr'>plicatio</span> <span class='ocrx_word' id='word_1_98' title='bbox 418 1853 651 1930; x_wconf 85' lang='lat' dir='ltr'>distinctissime,</span> <span class='ocrx_word' id='word_1_99' title='bbox 675 1854 901 1934; x_wconf 89' lang='lat' dir='ltr'>perfectisslme,</span> <span class='ocrx_word' id='word_1_100' title='bbox 925 1853 1098 1934; x_wconf 89' lang='lat' dir='ltr'>plenissime</span> <span class='ocrx_word' id='word_1_101' title='bbox 1114 1853 1171 1913; x_wconf 92' lang='lat' dir='ltr'>sibi</span> <span class='ocrx_word' id='word_1_102' title='bbox 1188 1857 1398 1932; x_wconf 85' lang='lat' dir='ltr'>repraesentet.</span> 
     </span>
     <span class='ocr_line' id='line_1_14' title="bbox 277 1961 1401 2027; baseline -0.004 -1"><span class='ocrx_word' id='word_1_103' title='bbox 277 1964 402 2026; x_wconf 84' lang='lat' dir='ltr'>Exsistit</span> <span class='ocrx_word' id='word_1_104' title='bbox 424 1964 541 2026; x_wconf 86' lang='lat' dir='ltr'>infinita</span> <span class='ocrx_word' id='word_1_105' title='bbox 564 1983 659 2027; x_wconf 89' lang='lat' dir='ltr'>mens.</span> <span class='ocrx_word' id='word_1_106' title='bbox 704 1965 862 2027; x_wconf 88' lang='lat' dir='ltr'>Enimvero</span> <span class='ocrx_word' id='word_1_107' title='bbox 895 1983 951 2026; x_wconf 89' lang='lat' dir='ltr'>nec</span> <span class='ocrx_word' id='word_1_108' title='bbox 980 1964 1164 2026; x_wconf 90' lang='lat' dir='ltr'>intellectum</span> <span class='ocrx_word' id='word_1_109' title='bbox 1186 1963 1251 2024; x_wconf 90' lang='lat' dir='ltr'>sine</span> <span class='ocrx_word' id='word_1_110' title='bbox 1272 1961 1401 2024; x_wconf 88' lang='lat' dir='ltr'>efficacia</span> 
     </span>
     <span class='ocr_line' id='line_1_15' title="bbox 277 2072 1402 2154; baseline -0.002 -20"><span class='ocrx_word' id='word_1_111' title='bbox 277 2092 333 2134; x_wconf 90' lang='lat' dir='ltr'>nec</span> <span class='ocrx_word' id='word_1_112' title='bbox 354 2075 575 2154; x_wconf 88' lang='lat' dir='ltr'>perceptionem</span> <span class='ocrx_word' id='word_1_113' title='bbox 606 2074 672 2135; x_wconf 90' lang='lat' dir='ltr'>sine</span> <span class='ocrx_word' id='word_1_114' title='bbox 701 2073 944 2153; x_wconf 80' lang='lat' dir='ltr'>comprobatione</span> <span class='ocrx_word' id='word_1_115' title='bbox 973 2073 1018 2134; x_wconf 86' lang='lat' dir='ltr'>uel</span> <span class='ocrx_word' id='word_1_116' title='bbox 1040 2073 1257 2153; x_wconf 86' lang='lat' dir='ltr'>improbatione</span> <span class='ocrx_word' id='word_1_117' title='bbox 1279 2090 1335 2133; x_wconf 90' lang='lat' dir='ltr'>nec</span> <span class='ocrx_word' id='word_1_118' title='bbox 1356 2072 1402 2132; x_wconf 91' lang='lat' dir='ltr'>in·</span> 
     </span>
    </p>
   </div>
   <div class='ocr_carea' id='block_1_3' title="bbox 160 2182 1401 2262">
    <p class='ocr_par' dir='ltr' id='par_1_3' title="bbox 160 2182 1401 2262">
     <span class='ocr_line' id='line_1_16' title="bbox 160 2182 1401 2262; baseline -0.002 -18"><span class='ocrx_word' id='word_1_119' title='bbox 160 2191 161 2194; x_wconf 76' lang='grc'>’</span> <span class='ocrx_word' id='word_1_120' title='bbox 276 2182 391 2244; x_wconf 88' lang='lat' dir='ltr'>finitam</span> <span class='ocrx_word' id='word_1_121' title='bbox 413 2191 543 2244; x_wconf 90' lang='lat' dir='ltr'>mentem</span> <span class='ocrx_word' id='word_1_122' title='bbox 566 2183 631 2243; x_wconf 88' lang='lat' dir='ltr'>sine</span> <span class='ocrx_word' id='word_1_123' title='bbox 652 2182 867 2262; x_wconf 90' lang='lat' dir='ltr'>perlectissima</span> <span class='ocrx_word' id='word_1_124' title='bbox 884 2183 1035 2244; x_wconf 83' lang='lat' dir='ltr'>voluntate</span> <span class='ocrx_word' id='word_1_125' title='bbox 1054 2201 1121 2244; x_wconf 91' lang='lat' dir='ltr'>esse</span> <span class='ocrx_word' id='word_1_126' title='bbox 1135 2201 1224 2262; x_wconf 89' lang='lat' dir='ltr'>posse</span> <span class='ocrx_word' id='word_1_127' title='bbox 1236 2182 1300 2262; x_wconf 89' lang='lat' dir='ltr'>jam</span> <span class='ocrx_word' id='word_1_128' title='bbox 1312 2197 1401 2261; x_wconf 88' lang='lat' dir='ltr'>supra</span> 
     </span>
    </p>
   </div>
   <div class='ocr_carea' id='block_1_4' title="bbox 271 2291 1452 2592">
    <p class='ocr_par' dir='ltr' id='par_1_4' title="bbox 271 2291 1452 2592">
     <span class='ocr_line' id='line_1_17' title="bbox 277 2291 1452 2372; baseline -0.004 -18"><span class='ocrx_word' id='word_1_129' title='bbox 277 2292 454 2372; x_wconf 89' lang='lat' dir='ltr'>explicatum</span> <span class='ocrx_word' id='word_1_130' title='bbox 477 2299 532 2353; x_wconf 88' lang='lat' dir='ltr'>est.</span> <span class='ocrx_word' id='word_1_131' title='bbox 568 2291 663 2363; x_wconf 87' lang='lat' dir='ltr'>Quam</span> <span class='ocrx_word' id='word_1_132' title='bbox 675 2291 700 2352; x_wconf 94' lang='lat' dir='ltr'>si</span> <span class='ocrx_word' id='word_1_133' title='bbox 712 2292 789 2352; x_wconf 91' lang='lat' dir='ltr'>entis</span> <span class='ocrx_word' id='word_1_134' title='bbox 805 2291 964 2353; x_wconf 89' lang='lat' dir='ltr'>necessarii</span> <span class='ocrx_word' id='word_1_135' title='bbox 976 2291 1129 2353; x_wconf 75' lang='lat' dir='ltr'>oudonem</span> <span class='ocrx_word' id='word_1_136' title='bbox 1140 2292 1269 2354; x_wconf 89' lang='lat' dir='ltr'>assecuti</span> <span class='ocrx_word' id='word_1_137' title='bbox 1282 2308 1397 2367; x_wconf 90' lang='lat' dir='ltr'>sumus,</span> <span class='ocrx_word' id='word_1_138' title='bbox 1449 2347 1452 2349; x_wconf 82' lang='grc'><em>,</em></span> 
     </span>
     <span class='ocr_line' id='line_1_18' title="bbox 278 2399 1402 2490; baseline -0.003 -25"><span class='ocrx_word' id='word_1_139' title='bbox 278 2403 377 2465; x_wconf 86' lang='lat' dir='ltr'>dicere</span> <span class='ocrx_word' id='word_1_140' title='bbox 407 2419 568 2481; x_wconf 88' lang='lat' dir='ltr'>possumus</span> <span class='ocrx_word' id='word_1_141' title='bbox 601 2401 720 2462; x_wconf 88' lang='lat' dir='ltr'>Deum</span> <span class='ocrx_word' id='word_1_142' title='bbox 754 2419 844 2462; x_wconf 88' lang='lat' dir='ltr'>esse</span> <span class='ocrx_word' id='word_1_143' title='bbox 877 2400 1148 2462; x_wconf 88' lang='lat' dir='ltr'>necessarium</span> <span class='ocrx_word' id='word_1_144' title='bbox 1181 2401 1239 2463; x_wconf 90' lang='lat' dir='ltr'>hcc</span> <span class='ocrx_word' id='word_1_145' title='bbox 1271 2408 1317 2490; x_wconf 86' lang='lat' dir='ltr'>est</span> <span class='ocrx_word' id='word_1_146' title='bbox 1348 2399 1402 2462; x_wconf 88' lang='lat' dir='ltr'>Dei</span> 
     </span>
     <span class='ocr_line' id='line_1_19' title="bbox 271 2510 1402 2592; baseline -0.002 -18"><span class='ocrx_word' id='word_1_147' title='bbox 271 2511 478 2585; x_wconf 41' lang='lat' dir='ltr'>,exsistentiam</span> <span class='ocrx_word' id='word_1_148' title='bbox 500 2530 536 2573; x_wconf 87' lang='lat' dir='ltr'>ex</span> <span class='ocrx_word' id='word_1_149' title='bbox 557 2511 615 2572; x_wconf 93' lang='lat' dir='ltr'>boc</span> <span class='ocrx_word' id='word_1_150' title='bbox 636 2511 716 2591; x_wconf 91' lang='lat' dir='ltr'>quod</span> <span class='ocrx_word' id='word_1_151' title='bbox 738 2529 807 2572; x_wconf 89' lang='lat' dir='ltr'>eum</span> <span class='ocrx_word' id='word_1_152' title='bbox 830 2511 960 2591; x_wconf 90' lang='lat' dir='ltr'>cogitare</span> <span class='ocrx_word' id='word_1_153' title='bbox 982 2511 1132 2592; x_wconf 89' lang='lat' dir='ltr'>possimus</span> <span class='ocrx_word' id='word_1_154' title='bbox 1151 2510 1237 2590; x_wconf 88' lang='lat' dir='ltr'>sequi</span> <span class='ocrx_word' id='word_1_155' title='bbox 1252 2517 1282 2572; x_wconf 92' lang='lat' dir='ltr'>et</span> <span class='ocrx_word' id='word_1_156' title='bbox 1300 2517 1402 2572; x_wconf 83' lang='lat' dir='ltr'>eontra</span> 
     </span>
    </p>
   </div>
   <div class='ocr_carea' id='block_1_5' title="bbox 184 2620 1400 2702">
    <p class='ocr_par' dir='ltr' id='par_1_5' title="bbox 184 2620 1400 2702">
     <span class='ocr_line' id='line_1_20' title="bbox 184 2620 1400 2702; baseline -0.003 -18"><span class='ocrx_word' id='word_1_157' title='bbox 184 2623 186 2628; x_wconf 81' lang='grc'><strong>’</strong></span> <span class='ocrx_word' id='word_1_158' title='bbox 276 2621 411 2702; x_wconf 86' lang='lat' dir='ltr'>ejusdcm</span> <span class='ocrx_word' id='word_1_159' title='bbox 445 2621 722 2683; x_wconf 82' lang='lat' dir='ltr'>noo-exsistentiam</span> <span class='ocrx_word' id='word_1_160' title='bbox 763 2639 819 2700; x_wconf 90' lang='lat' dir='ltr'>per</span> <span class='ocrx_word' id='word_1_161' title='bbox 858 2639 891 2682; x_wconf 90' lang='lat' dir='ltr'>se</span> <span class='ocrx_word' id='word_1_162' title='bbox 924 2620 1019 2701; x_wconf 90' lang='lat' dir='ltr'>ipsam</span> <span class='ocrx_word' id='word_1_163' title='bbox 1053 2620 1175 2700; x_wconf 91' lang='lat' dir='ltr'>cogitari</span> <span class='ocrx_word' id='word_1_164' title='bbox 1209 2637 1270 2681; x_wconf 92' lang='lat' dir='ltr'>non</span> <span class='ocrx_word' id='word_1_165' title='bbox 1302 2637 1400 2700; x_wconf 90' lang='lat' dir='ltr'>posse.</span> 
     </span>
    </p>
   </div>
   <div class='ocr_carea' id='block_1_6' title="bbox 274 2729 1403 4458">
    <p class='ocr_par' dir='ltr' id='par_1_6' title="bbox 274 2729 1403 4458">
     <span class='ocr_line' id='line_1_21' title="bbox 277 2729 1402 2811; baseline -0.002 -19"><span class='ocrx_word' id='word_1_166' title='bbox 277 2730 392 2803; x_wconf 87' lang='lat' dir='ltr'>Quibus</span> <span class='ocrx_word' id='word_1_167' title='bbox 414 2739 622 2810; x_wconf 88' lang='lat' dir='ltr'>argumentum</span> <span class='ocrx_word' id='word_1_168' title='bbox 644 2750 660 2792; x_wconf 87' lang='lat' dir='ltr'>a</span> <span class='ocrx_word' id='word_1_169' title='bbox 683 2730 812 2811; x_wconf 92' lang='lat' dir='ltr'>priori</span> <span class='ocrx_word' id='word_1_170' title='bbox 836 2731 954 2810; x_wconf 85' lang='lat' dir='ltr'>prullei</span> <span class='ocrx_word' id='word_1_171' title='bbox 977 2730 1148 2792; x_wconf 87' lang='lat' dir='ltr'>exsistentia</span> <span class='ocrx_word' id='word_1_172' title='bbox 1171 2729 1318 2804; x_wconf 78' lang='lat' dir='ltr'>innitbur,</span> <span class='ocrx_word' id='word_1_173' title='bbox 1342 2747 1402 2809; x_wconf 91' lang='lat' dir='ltr'>quo</span> 
     </span>
     <span class='ocr_line' id='line_1_22' title="bbox 276 2839 1401 2920; baseline -0.002 -18"><span class='ocrx_word' id='word_1_174' title='bbox 276 2860 312 2902; x_wconf 86' lang='lat' dir='ltr'>ex</span> <span class='ocrx_word' id='word_1_175' title='bbox 335 2859 370 2902; x_wconf 88' lang='lat' dir='ltr'>eo</span> <span class='ocrx_word' id='word_1_176' title='bbox 392 2841 472 2920; x_wconf 90' lang='lat' dir='ltr'>quod</span> <span class='ocrx_word' id='word_1_177' title='bbox 495 2840 617 2920; x_wconf 86' lang='lat' dir='ltr'>cogitari</span> <span class='ocrx_word' id='word_1_178' title='bbox 639 2848 747 2920; x_wconf 89' lang='lat' dir='ltr'>potest,</span> <span class='ocrx_word' id='word_1_179' title='bbox 771 2841 867 2902; x_wconf 88' lang='lat' dir='ltr'>Deum</span> <span class='ocrx_word' id='word_1_180' title='bbox 889 2859 922 2901; x_wconf 89' lang='lat' dir='ltr'>re</span> <span class='ocrx_word' id='word_1_181' title='bbox 943 2859 1010 2902; x_wconf 90' lang='lat' dir='ltr'>vera</span> <span class='ocrx_word' id='word_1_182' title='bbox 1033 2841 1174 2902; x_wconf 84' lang='lat' dir='ltr'>exsistere</span> <span class='ocrx_word' id='word_1_183' title='bbox 1197 2839 1401 2915; x_wconf 89' lang='lat' dir='ltr'>concluditur;</span> 
     </span>
     <span class='ocr_line' id='line_1_23' title="bbox 276 2948 1400 3030; baseline -0.003 -18"><span class='ocrx_word' id='word_1_184' title='bbox 276 2950 306 3012; x_wconf 89' lang='lat' dir='ltr'>id</span> <span class='ocrx_word' id='word_1_185' title='bbox 329 2950 410 3030; x_wconf 89' lang='lat' dir='ltr'>quod</span> <span class='ocrx_word' id='word_1_186' title='bbox 432 2949 641 3011; x_wconf 87' lang='lat' dir='ltr'>Cartesius</span> <span class='ocrx_word' id='word_1_187' title='bbox 667 2949 729 3029; x_wconf 85' lang='lat' dir='ltr'>jam</span> <span class='ocrx_word' id='word_1_188' title='bbox 759 2949 933 3030; x_wconf 89' lang='lat' dir='ltr'>proposuit,</span> <span class='ocrx_word' id='word_1_189' title='bbox 979 2967 1071 3029; x_wconf 89' lang='lat' dir='ltr'>quum</span> <span class='ocrx_word' id='word_1_190' title='bbox 1102 2969 1156 3012; x_wconf 91' lang='lat' dir='ltr'>ens</span> <span class='ocrx_word' id='word_1_191' title='bbox 1185 2948 1400 3026; x_wconf 87' lang='lat' dir='ltr'>necessarium,</span> 
     </span>
     <span class='ocr_line' id='line_1_24' title="bbox 276 3059 1402 3141; baseline -0.002 -19"><span class='ocrx_word' id='word_1_192' title='bbox 276 3061 391 3141; x_wconf 84' lang='lat' dir='ltr'>ajebat,</span> <span class='ocrx_word' id='word_1_193' title='bbox 427 3059 527 3121; x_wconf 90' lang='lat' dir='ltr'>nullus</span> <span class='ocrx_word' id='word_1_194' title='bbox 549 3060 624 3121; x_wconf 86' lang='lat' dir='ltr'>lines</span> <span class='ocrx_word' id='word_1_195' title='bbox 645 3060 804 3122; x_wconf 89' lang='lat' dir='ltr'>mutabiles</span> <span class='ocrx_word' id='word_1_196' title='bbox 833 3059 945 3122; x_wconf 89' lang='lat' dir='ltr'>babere</span> <span class='ocrx_word' id='word_1_197' title='bbox 972 3067 1071 3140; x_wconf 89' lang='lat' dir='ltr'>potest</span> <span class='ocrx_word' id='word_1_198' title='bbox 1092 3061 1226 3140; x_wconf 86' lang='lat' dir='ltr'>adeoque</span> <span class='ocrx_word' id='word_1_199' title='bbox 1248 3059 1276 3121; x_wconf 90' lang='lat' dir='ltr'>ei</span> <span class='ocrx_word' id='word_1_200' title='bbox 1298 3077 1402 3120; x_wconf 89' lang='lat' dir='ltr'>omnes</span> 
     </span>
     <span class='ocr_line' id='line_1_25' title="bbox 276 3157 1401 3250; baseline -0.003 -19"><span class='ocrx_word' id='word_1_201' title='bbox 276 3169 473 3250; x_wconf 90' lang='lat' dir='ltr'>perfectiones</span> <span class='ocrx_word' id='word_1_202' title='bbox 507 3177 537 3232; x_wconf 90' lang='lat' dir='ltr'>et</span> <span class='ocrx_word' id='word_1_203' title='bbox 565 3188 683 3231; x_wconf 89' lang='lat' dir='ltr'>summo</span> <span class='ocrx_word' id='word_1_204' title='bbox 713 3169 835 3250; x_wconf 89' lang='lat' dir='ltr'>quidem</span> <span class='ocrx_word' id='word_1_205' title='bbox 865 3157 960 3248; x_wconf 88' lang='lat' dir='ltr'>gradu</span> <span class='ocrx_word' id='word_1_206' title='bbox 997 3187 1118 3231; x_wconf 88' lang='lat' dir='ltr'>necesse</span> <span class='ocrx_word' id='word_1_207' title='bbox 1148 3177 1193 3230; x_wconf 90' lang='lat' dir='ltr'>est</span> <span class='ocrx_word' id='word_1_208' title='bbox 1213 3175 1401 3248; x_wconf 87' lang='lat' dir='ltr'>competant;</span> 
     </span>
     <span class='ocr_line' id='line_1_26' title="bbox 274 3278 1400 3360; baseline -0.002 -20"><span class='ocrx_word' id='word_1_209' title='bbox 274 3279 338 3360; x_wconf 83' lang='lat' dir='ltr'>jam</span> <span class='ocrx_word' id='word_1_210' title='bbox 361 3299 429 3342; x_wconf 88' lang='lat' dir='ltr'>vero</span> <span class='ocrx_word' id='word_1_211' title='bbox 452 3279 653 3343; x_wconf 82' lang='lat' dir='ltr'>exsistentiam</span> <span class='ocrx_word' id='word_1_212' title='bbox 676 3298 741 3341; x_wconf 89' lang='lat' dir='ltr'>esse</span> <span class='ocrx_word' id='word_1_213' title='bbox 762 3280 925 3360; x_wconf 88' lang='lat' dir='ltr'>perfectam</span> <span class='ocrx_word' id='word_1_214' title='bbox 946 3297 1049 3340; x_wconf 90' lang='lat' dir='ltr'>rerum</span> <span class='ocrx_word' id='word_1_215' title='bbox 1071 3278 1241 3359; x_wconf 86' lang='lat' dir='ltr'>qualitatem</span> <span class='ocrx_word' id='word_1_216' title='bbox 1264 3278 1400 3358; x_wconf 88' lang='lat' dir='ltr'>adparet;</span> 
     </span>
     <span class='ocr_line' id='line_1_27' title="bbox 277 3387 1400 3470; baseline -0.002 -20"><span class='ocrx_word' id='word_1_217' title='bbox 277 3388 404 3470; x_wconf 86' lang='lat' dir='ltr'>ideoque</span> <span class='ocrx_word' id='word_1_218' title='bbox 416 3390 497 3450; x_wconf 92' lang='lat' dir='ltr'>notio</span> <span class='ocrx_word' id='word_1_219' title='bbox 513 3389 673 3452; x_wconf 92' lang='lat' dir='ltr'>necessarii</span> <span class='ocrx_word' id='word_1_220' title='bbox 691 3390 903 3470; x_wconf 89' lang='lat' dir='ltr'>perfectionem</span> <span class='ocrx_word' id='word_1_221' title='bbox 920 3407 1039 3470; x_wconf 88' lang='lat' dir='ltr'>quoque</span> <span class='ocrx_word' id='word_1_222' title='bbox 1051 3389 1238 3451; x_wconf 86' lang='lat' dir='ltr'>exsistentiae</span> <span class='ocrx_word' id='word_1_223' title='bbox 1250 3387 1400 3464; x_wconf 56' lang='lat' dir='ltr'>confinem</span> 
     </span>
     <span class='ocr_line' id='line_1_28' title="bbox 276 3497 1402 3578; baseline -0.002 -18"><span class='ocrx_word' id='word_1_224' title='bbox 276 3517 347 3578; x_wconf 89' lang='lat' dir='ltr'>ergo</span> <span class='ocrx_word' id='word_1_225' title='bbox 377 3518 431 3561; x_wconf 88' lang='lat' dir='ltr'>ens</span> <span class='ocrx_word' id='word_1_226' title='bbox 460 3499 661 3560; x_wconf 88' lang='lat' dir='ltr'>necessarium</span> <span class='ocrx_word' id='word_1_227' title='bbox 690 3518 723 3560; x_wconf 91' lang='lat' dir='ltr'>re</span> <span class='ocrx_word' id='word_1_228' title='bbox 749 3518 817 3561; x_wconf 88' lang='lat' dir='ltr'>vera</span> <span class='ocrx_word' id='word_1_229' title='bbox 847 3499 970 3561; x_wconf 88' lang='lat' dir='ltr'>exsistat</span> <span class='ocrx_word' id='word_1_230' title='bbox 998 3517 1121 3561; x_wconf 85' lang='lat' dir='ltr'>necesso</span> <span class='ocrx_word' id='word_1_231' title='bbox 1142 3508 1198 3560; x_wconf 90' lang='lat' dir='ltr'>est.</span> <span class='ocrx_word' id='word_1_232' title='bbox 1244 3497 1275 3560; x_wconf 92' lang='lat' dir='ltr'>Si</span> <span class='ocrx_word' id='word_1_233' title='bbox 1299 3505 1402 3560; x_wconf 86' lang='lat' dir='ltr'>contra</span> 
     </span>
     <span class='ocr_line' id='line_1_29' title="bbox 277 3606 1403 3684; baseline 0 -16"><span class='ocrx_word' id='word_1_234' title='bbox 277 3612 360 3684; x_wconf 90' lang='lat' dir='ltr'>(cum</span> <span class='ocrx_word' id='word_1_235' title='bbox 383 3607 601 3684; x_wconf 88' lang='lat' dir='ltr'>Leibnitio)</span> <span class='ocrx_word' id='word_1_236' title='bbox 626 3607 753 3670; x_wconf 90' lang='lat' dir='ltr'>dicitur:</span> <span class='ocrx_word' id='word_1_237' title='bbox 784 3617 818 3670; x_wconf 87' lang='lat' dir='ltr'>ut</span> <span class='ocrx_word' id='word_1_238' title='bbox 840 3609 879 3670; x_wconf 90' lang='lat' dir='ltr'>ita</span> <span class='ocrx_word' id='word_1_239' title='bbox 902 3608 1081 3670; x_wconf 90' lang='lat' dir='ltr'>concludere</span> <span class='ocrx_word' id='word_1_240' title='bbox 1103 3607 1191 3669; x_wconf 90' lang='lat' dir='ltr'>nobis</span> <span class='ocrx_word' id='word_1_241' title='bbox 1212 3606 1301 3669; x_wconf 89' lang='lat' dir='ltr'>liceat</span> <span class='ocrx_word' id='word_1_242' title='bbox 1321 3607 1403 3668; x_wconf 91' lang='lat' dir='ltr'>bunc</span> 
     </span>
     <span class='ocr_line' id='line_1_30' title="bbox 276 3703 1402 3796; baseline 0 -18"><span class='ocrx_word' id='word_1_243' title='bbox 276 3703 313 3778; x_wconf 89' lang='lat' dir='ltr'>ad</span> <span class='ocrx_word' id='word_1_244' title='bbox 335 3717 424 3778; x_wconf 89' lang='lat' dir='ltr'>linem</span> <span class='ocrx_word' id='word_1_245' title='bbox 448 3716 477 3776; x_wconf 92' lang='lat' dir='ltr'>id</span> <span class='ocrx_word' id='word_1_246' title='bbox 500 3717 657 3796; x_wconf 88' lang='lat' dir='ltr'>postulari,</span> <span class='ocrx_word' id='word_1_247' title='bbox 681 3725 713 3778; x_wconf 89' lang='lat' dir='ltr'>ut</span> <span class='ocrx_word' id='word_1_248' title='bbox 732 3717 816 3796; x_wconf 90' lang='lat' dir='ltr'>prius</span> <span class='ocrx_word' id='word_1_249' title='bbox 833 3717 1068 3778; x_wconf 86' lang='lat' dir='ltr'>demonstratum</span> <span class='ocrx_word' id='word_1_250' title='bbox 1084 3717 1132 3793; x_wconf 90' lang='lat' dir='ltr'>sit,</span> <span class='ocrx_word' id='word_1_251' title='bbox 1156 3717 1309 3778; x_wconf 90' lang='lat' dir='ltr'>notionem</span> <span class='ocrx_word' id='word_1_252' title='bbox 1326 3717 1402 3778; x_wconf 85' lang='lat' dir='ltr'>entis</span> 
     </span>
     <span class='ocr_line' id='line_1_31' title="bbox 276 3826 1403 3906; baseline 0 -18"><span class='ocrx_word' id='word_1_253' title='bbox 276 3826 448 3901; x_wconf 86' lang='lat' dir='ltr'>necessarii,</span> <span class='ocrx_word' id='word_1_254' title='bbox 472 3827 581 3888; x_wconf 78' lang='lat' dir='ltr'>indulfi</span> <span class='ocrx_word' id='word_1_255' title='bbox 603 3827 649 3888; x_wconf 86' lang='lat' dir='ltr'>vel</span> <span class='ocrx_word' id='word_1_256' title='bbox 670 3827 879 3906; x_wconf 82' lang='lat' dir='ltr'>perfectissimi</span> <span class='ocrx_word' id='word_1_257' title='bbox 902 3845 1004 3887; x_wconf 89' lang='lat' dir='ltr'>verum</span> <span class='ocrx_word' id='word_1_258' title='bbox 1027 3845 1092 3888; x_wconf 88' lang='lat' dir='ltr'>esse</span> <span class='ocrx_word' id='word_1_259' title='bbox 1108 3845 1205 3906; x_wconf 90' lang='lat' dir='ltr'>neque</span> <span class='ocrx_word' id='word_1_260' title='bbox 1221 3835 1306 3888; x_wconf 87' lang='lat' dir='ltr'>notas</span> <span class='ocrx_word' id='word_1_261' title='bbox 1324 3827 1403 3888; x_wconf 91' lang='lat' dir='ltr'>inter</span> 
     </span>
     <span class='ocr_line' id='line_1_32' title="bbox 276 3935 1399 4017; baseline -0.002 -19"><span class='ocrx_word' id='word_1_262' title='bbox 276 3955 309 3998; x_wconf 90' lang='lat' dir='ltr'>se</span> <span class='ocrx_word' id='word_1_263' title='bbox 330 3944 531 4017; x_wconf 82' lang='lat' dir='ltr'>repugnantes</span> <span class='ocrx_word' id='word_1_264' title='bbox 561 3937 743 4017; x_wconf 81' lang='lat' dir='ltr'>conjungere</span> <span class='ocrx_word' id='word_1_265' title='bbox 771 3936 845 3997; x_wconf 87' lang='lat' dir='ltr'>haec</span> <span class='ocrx_word' id='word_1_266' title='bbox 874 3935 1033 3998; x_wconf 85' lang='lat' dir='ltr'>difficultas</span> <span class='ocrx_word' id='word_1_267' title='bbox 1062 3937 1148 3998; x_wconf 87' lang='lat' dir='ltr'>facile</span> <span class='ocrx_word' id='word_1_268' title='bbox 1177 3936 1316 3998; x_wconf 87' lang='lat' dir='ltr'>solvenda</span> <span class='ocrx_word' id='word_1_269' title='bbox 1344 3943 1399 3997; x_wconf 87' lang='lat' dir='ltr'>est.</span> 
     </span>
     <span class='ocr_line' id='line_1_33' title="bbox 275 4045 1402 4126; baseline 0 -20"><span class='ocrx_word' id='word_1_270' title='bbox 275 4045 367 4108; x_wconf 90' lang='lat' dir='ltr'>Notae</span> <span class='ocrx_word' id='word_1_271' title='bbox 390 4045 470 4106; x_wconf 90' lang='lat' dir='ltr'>enim</span> <span class='ocrx_word' id='word_1_272' title='bbox 493 4045 572 4108; x_wconf 90' lang='lat' dir='ltr'>inter</span> <span class='ocrx_word' id='word_1_273' title='bbox 600 4065 633 4108; x_wconf 88' lang='lat' dir='ltr'>se</span> <span class='ocrx_word' id='word_1_274' title='bbox 655 4054 856 4125; x_wconf 89' lang='lat' dir='ltr'>repugnantes</span> <span class='ocrx_word' id='word_1_275' title='bbox 885 4065 937 4108; x_wconf 90' lang='lat' dir='ltr'>eae</span> <span class='ocrx_word' id='word_1_276' title='bbox 959 4054 1048 4122; x_wconf 90' lang='lat' dir='ltr'>sunt,</span> <span class='ocrx_word' id='word_1_277' title='bbox 1084 4065 1210 4126; x_wconf 90' lang='lat' dir='ltr'>quarum</span> <span class='ocrx_word' id='word_1_278' title='bbox 1233 4065 1292 4108; x_wconf 93' lang='lat' dir='ltr'>una</span> <span class='ocrx_word' id='word_1_279' title='bbox 1314 4054 1402 4125; x_wconf 87' lang='lat' dir='ltr'>negat</span> 
     </span>
     <span class='ocr_line' id='line_1_34' title="bbox 277 4154 1401 4238; baseline 0 -22"><span class='ocrx_word' id='word_1_280' title='bbox 277 4154 357 4234; x_wconf 88' lang='lat' dir='ltr'>quod</span> <span class='ocrx_word' id='word_1_281' title='bbox 379 4155 468 4217; x_wconf 89' lang='lat' dir='ltr'>altera</span> <span class='ocrx_word' id='word_1_282' title='bbox 491 4156 585 4235; x_wconf 87' lang='lat' dir='ltr'>ponit.</span> <span class='ocrx_word' id='word_1_283' title='bbox 614 4156 772 4238; x_wconf 77' lang='lat' dir='ltr'>Enimvero</span> <span class='ocrx_word' id='word_1_284' title='bbox 795 4155 833 4217; x_wconf 91' lang='lat' dir='ltr'>de</span> <span class='ocrx_word' id='word_1_285' title='bbox 855 4165 924 4218; x_wconf 86' lang='lat' dir='ltr'>ente</span> <span class='ocrx_word' id='word_1_286' title='bbox 945 4157 1114 4218; x_wconf 90' lang='lat' dir='ltr'>necessario</span> <span class='ocrx_word' id='word_1_287' title='bbox 1137 4175 1241 4218; x_wconf 89' lang='lat' dir='ltr'>omnes</span> <span class='ocrx_word' id='word_1_288' title='bbox 1263 4155 1401 4217; x_wconf 88' lang='lat' dir='ltr'>veritates</span> 
     </span>
     <span class='ocr_line' id='line_1_35' title="bbox 276 4265 1401 4347; baseline 0.002 -21"><span class='ocrx_word' id='word_1_289' title='bbox 276 4274 448 4344; x_wconf 88' lang='lat' dir='ltr'>ponuntur,</span> <span class='ocrx_word' id='word_1_290' title='bbox 480 4284 585 4328; x_wconf 91' lang='lat' dir='ltr'>omnes</span> <span class='ocrx_word' id='word_1_291' title='bbox 607 4284 677 4328; x_wconf 90' lang='lat' dir='ltr'>vero</span> <span class='ocrx_word' id='word_1_292' title='bbox 701 4265 833 4328; x_wconf 86' lang='lat' dir='ltr'>defectus</span> <span class='ocrx_word' id='word_1_293' title='bbox 855 4267 991 4346; x_wconf 87' lang='lat' dir='ltr'>finesque</span> <span class='ocrx_word' id='word_1_294' title='bbox 1012 4275 1170 4347; x_wconf 88' lang='lat' dir='ltr'>negantur.</span> <span class='ocrx_word' id='word_1_295' title='bbox 1215 4265 1273 4328; x_wconf 87' lang='lat' dir='ltr'>Sed</span> <span class='ocrx_word' id='word_1_296' title='bbox 1296 4283 1401 4328; x_wconf 79' lang='lat' dir='ltr'>omnes</span> 
     </span>
     <span class='ocr_line' id='line_1_36' title="bbox 276 4374 1400 4458; baseline 0 -22"><span class='ocrx_word' id='word_1_297' title='bbox 276 4375 474 4454; x_wconf 88' lang='lat' dir='ltr'>perfectiones</span> <span class='ocrx_word' id='word_1_298' title='bbox 497 4395 614 4440; x_wconf 89' lang='lat' dir='ltr'>summo</span> <span class='ocrx_word' id='word_1_299' title='bbox 636 4377 728 4458; x_wconf 89' lang='lat' dir='ltr'>gradu</span> <span class='ocrx_word' id='word_1_300' title='bbox 739 4375 864 4457; x_wconf 89' lang='lat' dir='ltr'>positae,</span> <span class='ocrx_word' id='word_1_301' title='bbox 888 4375 1135 4458; x_wconf 88' lang='lat' dir='ltr'>quiasecundum</span> <span class='ocrx_word' id='word_1_302' title='bbox 1151 4375 1247 4456; x_wconf 89' lang='lat' dir='ltr'>ipsam</span> <span class='ocrx_word' id='word_1_303' title='bbox 1259 4374 1400 4439; x_wconf 78' lang='lat' dir='ltr'>leibnitii</span> 
     </span>
    </p>
   </div>
   <div class='ocr_carea' id='block_1_7' title="bbox 0 0 1636 5058">
    <p class='ocr_par' dir='ltr' id='par_1_7' title="bbox 0 0 1636 5058">
     <span class='ocr_line' id='line_1_37' title="bbox 0 0 1636 5058; baseline 0 0"><span class='ocrx_word' id='word_1_304' title='bbox 0 0 1636 5058; x_wconf 95' lang='lat' dir='ltr'> </span> 
     </span>
    </p>
   </div>
  </div>
 </body>
</html>
