3236 5076
598 452 921 524 ...ῃ-

198 632 524 700 ratdeestabsurdum.
559 631 728 713 thuidem
750 629 943 714 quidquid
966 639 1029 696 est
1046 629 1155 698 atiud
1175 639 1321 714 praeter

198 745 321 808 sulum
343 752 381 808 te
403 750 536 824 petest
563 741 733 824 eogitari
762 760 836 804 nnn
861 759 959 806 esse.
1005 740 1094 805 setun
1116 741 1207 824 igitur
1228 741 1320 804 reris-

198 855 273 918 sime
294 854 429 916 «emnium
452 863 481 916 et
501 852 569 916 idee
591 851 719 918 maxime
733 851 868 914 emnium
883 849 976 916 hebes
991 868 1068 923 esse,
1091 851 1161 932 quia
1172 850 1320 932 quidquid

197 964 278 1026 atiud
299 971 346 1026 est
366 981 426 1029 nen
448 962 492 1024 sie
513 970 650 1024 vereest
671 969 702 1024 et
722 960 790 1025 iden
812 958 1017 1027 miuuslrabet
1033 977 1110 1024 esse.
1133 960 1205 1024 ,Cur
1219 960 1321 1042 itaque

198 1073 271 1140 dixit
299 1073 445 1154 insipieus
474 1074 506 1136 in
535 1072 625 1134 eorde
654 1090 711 1134 sue
743 1078 907 1134 nonest
934 1068 1053 1143 Deus,
1087 1087 1182 1150 quum
1203 1079 1264 1134 tem
1286 1070 1319 1134 iu

196 1193 335 1264 promptu
366 1184 404 1246 sit
433 1182 570 1246 rationali
600 1181 710 1264 menti,
746 1191 782 1244 te
814 1180 978 1244 maxime
1010 1179 1178 1249 emnium
1210 1179 1320 1244 esset

197 1293 265 1365 Cur.
278 1293 335 1357 nisi
358 1293 428 1374 quia
451 1293 562 1356 stettus
583 1301 614 1354 et
635 1289 803 1372 insipiens?

281 1402 368 1475 Quod
390 1403 448 1464 hen
468 1410 678 1482 argumentum
700 1401 924 1486 Anselmianum
947 1401 1005 1464 sibi
1027 1401 1112 1480 velit,
1135 1401 1173 1466 a'd
1194 1400 1255 1464 hee
1274 1409 1319 1464 at·

195 1520 277 1577 teate
304 1511 425 1574 animus
453 1511 541 1576 nobis
570 1511 770 1574 advertendus
791 1519 854 1586 est,
888 1511 1064 1591 praesertim
1093 1527 1187 1592 mrum
1209 1529 1227 1572 a
1247 1510 1320 1574 viris

196 1621 292 1685 deeris
321 1621 473 1688 interdum
509 1620 610 1682 minus
640 1627 720 1684 rente
753 1627 929 1698 pereeptum
957 1637 1024 1680 esse
1053 1619 1205 1694 viduetur,
1239 1627 1319 1688 uta

197 1729 434 1802 Bitlrnthie‚
457 1727 636 1808 phitesephe
654 1735 685 1790 et
703 1727 840 1806 theetege
856 1726 1006 1806 quendam
1021 1725 1133 1806 insigni
1151 1726 1320 1790 eruditione

197 1837 351 1917 praedite,
380 1837 431 1915 qui
453 1837 535 1898 hune
556 1835 724 1916 argumenti
746 1836 836 1896 tinem
860 1853 926 1896 esse
948 1833 1112 1911 existimat,
1140 1841 1175 1896 ut
1195 1835 1320 1900 demen-

198 1953 283 2020 stret,
306 1945 457 2008 uetieuem
481 1944 627 2025 ejusque
650 1944 747 2026 majus
769 1943 891 2025 engitari
914 1951 1056 2024 nequeat,
1080 1943 1228 2024 siquidem
1252 1963 1317 2010 eam

198 2055 321 2118 emuine
342 2055 471 2136 eogitere
493 2055 560 2136 quis
582 2056 651 2118 velit
672 2056 712 2118 ita
735 2054 842 2118 debere
863 2053 1005 2135 eegitari,
1040 2061 1074 2116 ut
1101 2073 1161 2118 ueu
1189 2073 1317 2118 essene

197 2165 319 2246 eogitari
348 2165 469 2246 quidem
499 2165 596 2246 pessit
610 2163 650 2242 ²).
697 2165 756 2228 Sed
786 2165 922 2246 preeedit
949 2163 1049 2245 petius
1070 2172 1319 2245 urgurnentnma

195 2275 317 2338 netiene
339 2275 417 2337 entis
438 2275 665 2355 perfectissimi,
694 2275 775 2356 qued
797 2293 857 2338 nen
877 2275 910 2346 iu
933 2273 1087 2338 intellectu
1109 2273 1174 2336 sele
1203 2275 1256 2338 sed
1272 2293 1320 2348 ¹ra

197 2405 263 2454 uera
292 2403 358 2448 esse
387 2385 496 2448 debere
516 2383 675 2448 Anselmus
703 2384 831 2466 prebere
860 2383 970 2446 studet.
1016 2384 1049 2446 Si
1079 2383 1201 2464 quidem
1223 2383 1316 2464 Deus,

197 2494 236 2558 de
256 2514 315 2574 qua
334 2513 368 2556 re
390 2513 494 2557 omnes
516 2495 716 2568 consentiunt,
740 2511 795 2555 eus
811 2492 1061 2572 perfectissimum
1077 2493 1209 2573 sineque
1221 2493 1319 2575 majus

198 2604 319 2682 eogitari
340 2603 444 2682 nequit
465 2610 606 2692 est-unu
627 2603 658 2664 in
680 2601 833 2664 intellectu
855 2600 994 2681 seinxsed
1015 2619 1049 2664 re
1072 2603 1247 2676 veraedum
1269 2623 1319 2666 ex-

199 2711 285 2776 sistat
306 2729 428 2774 neeesse
448 2718 505 2773 est.
1242 2775 1245 2782 ,

283 2819 341 2885 Sed
360 2819 423 2900 jam
451 2839 487 2882 en
510 2827 643 2900 tempere
672 2837 732 2899 que
752 2818 912 2896 dnseimus
938 2819 997 2884 hee
1017 2828 1227 2900 argumentum
1248 2841 1319 2902 pre.
1387 2869 1389 2873 -

197 2930 326 3010 posuit,
350 2929 381 2992 id
403 2929 484 3010 qued
505 2929 773 2992 demonstrandum
793 2939 857 2992 erat
876 2948 939 2999 nen
960 2930 1034 2994 satis
1055 2929 1181 2992 tirmiter
1202 2938 1232 2994 et
1252 2931 1319 2994 sine

197 3039 278 3105 numi
299 3038 391 3105 dubie
413 3058 447 3102 ea
469 3039 582 3102 retieue
604 3038 724 3120 probari
746 3037 823 3102 bene
844 3039 1050 3120 iuieltigebant
1065 3040 1120 3102 viri
1136 3039 1215 3102 deeti
1232 3059 1319 3120 praes

196 3150 318 3225 sertim,
353 3149 471 3230 deque
493 3169 526 3212 re
548 3168 639 3230 supra
659 3149 723 3230 jam
748 3149 840 3212 loeuti
862 3167 986 3226 sumus,
1021 3149 1073 3230 qui
1101 3149 1318 3214 Nominatisme

195 3259 305 3322 addicti
327 3266 421 3320 erant.
466 3259 547 3320 Inter
568 3277 644 3337 ques
667 3258 839 3320 (ianuile
861 3258 982 3337 quidam
1005 3277 1150 3322 menaeus
1165 3258 1318 3322 Marmuti·

196 3368 300 3430 nensis
321 3367 353 3428 in
374 3367 518 3444 opuseule
540 3385 596 3428 suu
618 3365 812 3429 eeleberrime
828 3366 909 3444 qued
924 3365 1103 3446 inscriptum
1124 3375 1187 3430 est:
1210 3367 1319 3430 Liber

197 3495 265 3556 pre
294 3474 521 3554 insipiente
542 3474 733 3536 adversus
753 3474 930 3536 dnselmi
959 3475 998 3538 in
1019 3475 1233 3557 Presiegie
1252 3496 1318 3540 ra-

197 3584 504 3646 tieeinatienem
519 3581 548 3660 ³)
569 3583 701 3646 Ansetmi
731 3583 1015 3648 demonstrationem
1034 3586 1233 3666 ,sagacissime
1260 3586 1318 3648 im·

196 3691 356 3774 pugnabat.
398 3694 471 3759 Nam
495 3713 587 3774 quum
610 3693 660 3758 ille
682 3694 904 3774 pereeptiunem
927 3695 1005 3759 eutis
1025 3695 1234 3777 periretissinti
1256 3695 1318 3776 sire

197 3804 264 3883 ejus
290 3821 350 3883 qun
379 3802 476 3882 majus
503 3802 625 3882 eogitari
656 3813 785 3884 nequeat
806 3805 845 3866 ita
868 3805 1136 3868 neeessariam
1158 3824 1226 3870 esse
1246 3823 1318 3868 cee-

126 3962 129 3968 .
196 3912 342 3988 tenderet,
366 3921 401 3974 ut
411 3931 471 3974 nen
483 3914 733 3995 esseneeegiteri
744 3916 865 3996 quidem
877 3915 982 3996 pessit,
1001 3916 1051 3994 hie
1061 3924 1141 3980 reete
1152 3917 1180 3978 ei
1191 3915 1317 3996 objecit:

197 4022 369 4088 Certissima
390 4021 529 4102 primitus
550 4023 651 4104 ulique
672 4024 861 4104 probandum
883 4033 929 4088 est
950 4033 1124 4106 argumente
1145 4024 1317 4106 aliquem
1408 4060 1414 4071 ·

264 4211 293 4276 2)
317 4211 349 4260 ei.
375 4209 564 4262 Billrothii:
602 4210 754 4264 iiissertutie
778 4211 1000 4264 historice-critice
1022 4213 1053 4264 de
1076 4211 1188 4264 Anselnri
1207 4178 1316 4264 tinntua-

196 4291 289 4344 riensis
306 4291 437 4358 Preslegie
456 4301 482 4344 et
498 4291 651 4358 Menelegie.
688 4293 790 4362 Lipsiae
809 4297 886 4348 18³2.

264 4378 294 4444 ³)
312 4377 473 4429 dunelmi:
503 4379 646 4446 Opera-ed.
666 4377 806 4430 Gerbeuen.
844 4379 920 4430 Paria
934 4380 1000 4431 1721
1018 4395 1042 4446 p.
1063 4381 1168 4447 diisqq.

1111 4466 1129 4516 2
