3236 5076
687 463 1009 532 „go-.-

288 655 424 708 nnturam
446 645 668 727 essentiamque
697 645 853 708 constituit
875 653 905 707 et
932 643 969 707 ad
1000 661 1088 724 quam
1118 641 1193 704 aliae
1226 661 1331 706 omnes
1365 663 1412 707 re-

288 757 434 818 leruutur.
478 757 572 836 Atque
602 756 641 817 ita
672 755 758 818 laoile
788 773 949 836 possumus
979 753 1053 815 duas
1076 753 1170 814 claras
1199 761 1229 814 et
1255 753 1412 817 distinctas

287 865 397 927 babere
420 865 556 926 notiones
579 865 640 926 sire
663 864 762 940 ideas,
788 882 877 928 unam
900 863 1082 926 substantiae
1105 863 1261 942 cogitantis
1284 873 1409 940 creatae,

287 975 375 1038 aliam
387 974 570 1036 substantiae
581 993 752 1056 corporeae,
776 974 802 1035 si
822 993 929 1054 nempe
947 973 1087 1035 attributa
1106 973 1205 1034 omnia
1225 974 1412 1053 cogitationis

288 1085 326 1148 ab
355 1085 505 1148 attributis
534 1083 715 1146 extensionis
744 1093 880 1146 accurate
910 1083 1136 1164 distinguamus.
1183 1083 1282 1154 Quum
1312 1094 1411 1146 autem

289 1196 394 1257 barum
424 1195 658 1256 substantiarum
688 1194 779 1255 altera
809 1194 930 1255 alteram
961 1193 1097 1254 excludat
1123 1211 1220 1272 neque
1243 1195 1342 1273 quoad
1364 1215 1412 1256 ex-

289 1305 453 1366 sistentiam
476 1323 529 1383 per
551 1323 583 1364 se
605 1303 668 1382 ipsa
692 1322 757 1364 esse
780 1303 891 1383 possit,
926 1304 1023 1382 aliqua
1054 1321 1103 1364 res
1134 1301 1174 1364 sit
1204 1322 1326 1365 necesse
1355 1313 1409 1376 cst,

289 1431 364 1494 quae
387 1413 446 1474 illis
477 1413 613 1492 superior
643 1420 731 1492 atque
761 1413 920 1492 pertentor
949 1413 1002 1474 bas
1031 1413 1105 1474 duas
1135 1412 1221 1492 quasi
1250 1413 1409 1492 disjunctas

289 1525 326 1586 ad
348 1523 470 1586 unitatis
491 1522 636 1584 rationem
667 1522 805 1598 reducat,
840 1541 915 1602 quae
944 1530 990 1584 est
1011 1522 1090 1584 Deus
1113 1523 1174 1584 sive
1195 1541 1258 1584 vera
1280 1523 1404 1584 increata

289 1641 319 1696 et
340 1633 455 1696 inlicita
485 1631 669 1708 substantia,
705 1651 782 1712 quae
811 1632 923 1695 nullius
952 1631 1027 1694 aliae
1056 1631 1100 1694 rei
1131 1641 1162 1694 ot
1192 1633 1310 1694 exsistat
1330 1639 1403 1711 eget.

290 1745 372 1818 Quae
395 1743 568 1808 Centesii
591 1743 737 1804 sententia
761 1743 960 1823 Spinoane
986 1741 1110 1804 minime
1131 1742 1307 1804 sulliciebat.
1350 1741 1410 1802 Sed

290 1873 383 1934 quum
405 1853 656 1916 substantiae
677 1853 800 1914 nomine
822 1853 852 1914 id
877 1861 990 1914 tautum
1014 1851 1173 1932 significari
1197 1852 1292 1932 possit
1314 1851 1413 1932 quod

290 1982 329 2026 re
359 1981 448 2026 vcra
477 1981 546 2042 per
573 1981 614 2024 se
636 1962 800 2024 exsistit
822 1981 932 2024 unam
956 1963 1044 2026 modo
1073 1981 1201 2032 veram
1229 1961 1416 2023 substan-

291 2071 383 2134 tiam
407 2090 473 2134 esse
496 2071 578 2142 dixit,
603 2071 651 2132 cui
674 2072 747 2134 duo
770 2071 842 2133 illa
865 2072 1064 2134 attributa
1088 2089 1195 2150 nempe
1218 2071 1416 2150 cogitatio

291 2189 320 2242 et
342 2180 524 2244 extensio
546 2189 718 2260 competant
739 2180 885 2261 cujusque
908 2181 1009 2242 modi
1040 2189 1154 2244 tantum
1173 2161 1281 2242 ¹omnes
1304 2199 1353 2244 res
1376 2181 1417 2242 vi-

291 2291 393 2354 sibiles
415 2299 445 2352 et
467 2290 629 2370 cogitantes
651 2299 682 2352 ct
703 2299 840 2352 extensae
862 2291 921 2354 boc
942 2299 987 2352 est
1009 2300 1124 2354 mentes
1146 2299 1176 2354 et
1197 2309 1321 2371 corpora
1344 2291 1415 2354 sint.

294 2400 380 2472 Quod
412 2407 446 2462 ut
475 2401 693 2462 demonstraret
722 2400 905 2462 methodo
934 2400 1072 2462 utebatur
1096 2401 1327 2482 syntbetica
1356 2401 1418 2461 sive

291 2510 553 2591 geometrica,
588 2529 663 2590 quiae
693 2510 865 2573 continuata
896 2518 926 2572 ct
953 2509 1162 2572 definitionum
1185 2520 1214 2572 et
1235 2511 1415 2572 axiomatum

292 2628 321 2684 et
343 2620 582 2702 propositionum
605 2621 681 2684 serie
704 2640 719 2682 a
744 2621 848 2701 primis
870 2619 1042 2683 veritmibus
1063 2619 1142 2682 notis
1161 2619 1223 2700 jam
1246 2628 1416 2700 atquecon-

292 2732 384 2794 cessis
406 2732 444 2794 ad
467 2732 597 2812 reliquas
619 2731 717 2794 adbuc
739 2731 855 2811 ignotas
878 2729 1123 2792 demonstrandas
1145 2729 1296 2809 procedit,
1321 2731 1361 2792 ita
1384 2739 1417 2792 ut

292 2841 418 2904 lectores
440 2841 644 2914 auditumve,
679 2840 705 2900 si
728 2841 800 2919 quid
822 2839 1034 2920 consequentis
1064 2858 1172 2919 negare
1195 2840 1285 2902 velint
1306 2839 1364 2901 boc
1385 2839 1416 2901 in

293 2950 539 3031 praecedentibus
568 2949 630 3029 jam
663 2951 809 3013 contineri
842 2960 872 3014 et
904 2951 941 3014 ab
973 2951 1010 3012 iis
1043 2969 1219 3014 concessum
1252 2969 1317 3012 esse
1346 2968 1418 3010 oen·

232 3046 233 3050 ¹
293 3060 411 3124 uincere
432 3077 522 3140 posse
543 3059 686 3122 videatur.

378 3169 494 3243 Quibus
537 3169 709 3250 praemissis
758 3168 875 3232 facilius
922 3169 1088 3249 argumenti
1132 3169 1292 3249 onteiogici
1336 3169 1416 3250 quod

294 3280 464 3361 spinoza
486 3279 517 3344 in
540 3279 618 3342 libro
640 3297 695 3342 suo
718 3278 769 3359 qui
791 3279 981 3342 inscribitur:
1004 3279 1144 3341 litbica
1168 3280 1310 3342 ordine
1332 3297 1417 3359 geo·
1525 3352 1531 3362 .

294 3391 457 3454 metrico
479 3391 729 3454 demontrata
747 3389 773 3465 ¹)
796 3399 880 3470 parte
902 3391 914 3451 l
937 3391 981 3452 de
1003 3391 1080 3452 Deo
1108 3390 1249 3470 proponit
1270 3390 1417 3452 rationem

293 3501 504 3579 intelligemus.
549 3501 687 3564 Procedit
708 3501 788 3562 enim
819 3501 1030 3562 demonstratio
1053 3500 1116 3560 Vlll
1145 3499 1367 3562 delinitionibus
1390 3508 1419 3562 et

294 3610 344 3670 Vll
365 3610 519 3672 axiomatis
542 3618 571 3671 et
589 3610 629 3672 Xl
652 3609 907 3688 propositionibus
929 3628 1054 3690 quarum
1077 3629 1273 3690 unaquaeque
1295 3611 1419 3674 demon·

295 3718 445 3792 strabone,
470 3718 571 3797 plures
594 3727 624 3780 et
646 3718 810 3780 corollariis
833 3727 862 3780 et
884 3719 1006 3780 scholiis
1028 3719 1157 3798 amplius
1180 3720 1367 3799 explicantur
1389 3729 1419 3782 et

295 3827 505 3888 defenduntur.
550 3829 589 3890 Et
610 3827 684 3889 baec
705 3828 826 3907 quidem
849 3827 913 3907 ipsa
935 3827 1103 3908 philosophi
1127 3829 1214 3892 verba
1238 3839 1326 3892 sunt:
1350 3830 1419 3892 lle·

296 3937 511 4000 finitiones
537 3939 550 4000 l
572 3939 629 4001 Per
661 3957 817 4000 causam
850 3937 911 4000 sui
944 3937 1079 4018 intelligo
1112 3939 1142 4002 id
1172 3939 1259 4020 cujus
1289 3938 1418 4001 essentia

296 4047 422 4111 includit
453 4049 654 4112 exsistentiam
684 4049 745 4112 sive
774 4049 805 4111 id
832 4048 920 4130 cujus
948 4057 1056 4112 natura
1085 4069 1145 4113 nnn
1175 4058 1272 4131 potest
1301 4048 1418 4129 concipi

299 4217 599 4229 ———--—---—-.—....

364 4311 392 4375 1)
411 4311 442 4360 cl'.
465 4309 640 4378 Spinozae:
676 4311 760 4378 Opera
790 4311 960 4380 philosophice
989 4268 1072 4362 omnia
1102 4311 1134 4362 ed
1163 4309 1293 4362 Glroerer.
1338 4309 1419 4361 Stutt·

296 4398 400 4462 gurdiae
418 4401 485 4454 1830
499 4403 561 4452 'toni¹
582 4400 604 4451 ll
622 4415 646 4468 p.
666 4401 717 4452 ast
738 4415 791 4468 sqq.
