3236 5076
678 443 998 512 -..sm

273 621 346 686 lucc
377 621 503 698 veritos,
544 623 754 688 mutabilis
789 625 878 688 etiam
917 627 982 706 ipsa
1022 636 1112 692 esset.
1168 629 1282 694 Montes
1315 631 1395 694 mim

273 741 391 798 nostrae
413 733 572 813 aliqomdo
593 753 657 798 een
681 735 750 816 plus
772 735 888 812 videet,
912 735 1073 817 aliquunde
1095 737 1205 811 minus,
1230 747 1317 804 etex
1338 741 1396 804 boc

273 845 420 920 tumme,
455 863 487 908 se
509 863 575 908 ceso
596 845 772 922 mutabiles,
807 863 899 926 quum
922 846 971 910 illo
994 847 1025 910 io
1047 865 1081 910 sc
1103 867 1226 912 manem
1249 869 1306 914 noc
1325 871 1395 932 pre·

272 954 362 1030 liciat,
384 973 477 1036 quum
501 953 568 1036 plns
590 973 606 1016 a
629 955 717 1020 uobis
733 955 850 1018 ridetur
871 975 927 1020 nec
948 956 1067 1020 dellciat
1088 977 1182 1038 qonm
1205 959 1318 1036 minos,
1341 961 1395 1026 sed

272 1065 386 1145 integre
416 1075 447 1127 et
474 1065 645 1146 incorrepta
676 1073 706 1128 et
734 1083 892 1130 conversos
921 1067 1059 1132 laetificet
1087 1067 1200 1130 lumine
1225 1077 1256 1132 et
1276 1089 1396 1134 aversas

272 1177 376 1258 punicu
397 1175 547 1238 caecitate.
585 1175 674 1250 Quid,
699 1176 778 1256 qood
802 1176 890 1240 etiam
913 1177 1082 1258 deipsis
1105 1179 1307 1243 mentibus
1327 1201 1395 1244 oo·

272 1285 371 1348 stris
403 1287 618 1348 secundum
652 1287 762 1348 illam
792 1287 978 1368 judicamus,
1012 1307 1106 1370 quom
1129 1289 1174 1352 de
1205 1291 1277 1354 ille
1310 1293 1395 1356 nollo

271 1396 362 1460 modo
379 1397 515 1478 judicare
537 1395 709 1478 possimus?
739 1398 871 1460 Dicimus
893 1400 992 1460 enim:
1016 1401 1116 1464 miuus
1132 1401 1279 1482 iutelligit,
1303 1421 1394 1483 qaam

272 1507 376 1583 debet,
410 1515 462 1568 aut
490 1515 606 1570 tautum
639 1515 783 1587 quantum
816 1507 905 1570 debat
937 1509 1085 1590 intelligit.
1138 1512 1266 1576 Tanton
1293 1521 1393 1576 autem

271 1637 357 1682 mens
378 1617 466 1680 debet
489 1617 671 1698 intelligere,
702 1625 847 1699 quantum
870 1619 993 1699 propius
1014 1619 1163 1682 admoueri
1187 1629 1215 1682 et
1237 1621 1393 1685 inhaerere

272 1729 403 1810 potuerit
434 1729 670 1792 incommutabili
703 1728 828 1792 veritati.
875 1728 973 1800 Quare
1002 1729 1027 1790 si
1050 1747 1107 1792 nee
1135 1730 1308 1792 inlerior
1337 1750 1394 1794 neo

270 1840 454 1919 aequalis
476 1849 539 1915 est,
564 1847 656 1902 restat
678 1847 712 1901 ot
734 1839 774 1902 sit
795 1837 979 1920 superior
1000 1847 1089 1919 atque
1111 1840 1391 1904 excellentior.

271 1951 468 2012 Promiscram
490 1957 588 2010 autem
611 1949 637 2010 si
659 1949 838 2024 meministi,
867 1967 914 2012 me
936 1948 989 2010 tibi
1012 1949 1301 2028 demonstraturum,
1325 1969 1395 2014 erno

271 2059 383 2140 aliquid
411 2059 492 2138 qood
521 2058 561 2118 sit
586 2065 685 2122 mente
715 2065 815 2118 nostra
845 2065 934 2137 etque
961 2059 1077 2120 ratione
1099 2059 1269 2122 sublimius.
1314 2061 1392 2123 Ecce

272 2169 336 2246 tibi,
360 2177 407 2230 est
427 2170 489 2249 ipsa
512 2169 631 2240 renites,
655 2167 834 2248 amplectere
849 2167 929 2231 illam
953 2169 978 2230 si
1001 2178 1096 2250 pons,
1120 2179 1150 2233 et
1171 2171 1269 2234 lruere
1291 2173 1340 2234 ille
1361 2182 1394 2235 et

271 2280 417 2342 delectere
439 2279 471 2340 io
494 2277 621 2340 Domino
651 2285 681 2340 et
710 2277 793 2339 dabit
823 2277 876 2340 tibi
904 2279 1063 2359 petitiones
1092 2281 1191 2344 cordis
1213 2282 1266 2344 tui.
1313 2283 1391 2355 Quid

271 2389 350 2452 enim
372 2389 449 2469 petis
478 2387 623 2468 emplius,
658 2407 746 2468 quam
778 2397 810 2450 ut
831 2389 935 2452 beatus
955 2388 1021 2451 slsl
1064 2390 1102 2452 Et
1123 2391 1195 2472 quid
1217 2392 1332 2456 beotius
1353 2411 1391 2454 eo

270 2501 322 2582 qui
366 2499 475 2563 lruitur
517 2499 696 2562 inconcussa
739 2507 770 2560 et
809 2499 1042 2564 incommutabili
1082 2509 1112 2562 et
1143 2502 1390 2566 excellentissime

270 2610 413 2675 veritate?

356 2724 435 2785 llaec
456 2731 503 2785 est
535 2722 704 2784 libertas
733 2731 869 2786 nostro
899 2743 991 2803 quum
1020 2723 1089 2784 isti
1113 2721 1270 2785 subdimur
1290 2723 1392 2784 veri·

269 2834 343 2896 teti
373 2842 402 2894 et
424 2833 489 2912 ipse
517 2840 565 2893 est
586 2833 666 2894 Deus
688 2840 791 2894 noster
817 2832 868 2911 qui
898 2851 954 2893 nos
976 2831 1084 2896 liberat
1104 2851 1121 2893 a
1144 2839 1258 2907 morte,
1293 2833 1324 2894 id
1345 2841 1393 2894 em

270 2941 478 3004 sconditione
500 2940 622 3020 peccati.
668 2939 734 3020 lpse
765 2941 844 3004 enim
867 2941 981 3003 Veritas
1004 2942 1094 3002 bomo
1123 2961 1190 3004 coru
1218 2941 1390 3005 bominibus

269 3051 396 3132 loquens
419 3051 460 3112 ait
481 3047 673 3111 credentibus
696 3050 760 3110 sois
784 3051 851 3125 (Er.
874 3051 948 3111 loen
972 3051 1036 3111 Vlll
1057 3048 1133 3127 3l):
1167 3052 1198 3113 si
1222 3052 1391 3114 manseritis

270 3165 300 3225 in
323 3161 412 3224 uerbo
435 3179 518 3234 meo,
553 3177 621 3222 rere
643 3159 783 3240 discipuli
805 3160 862 3222 mei
886 3159 958 3220 estis
980 3168 1010 3221 et
1031 3161 1217 3240 cognoscetis
1238 3162 1391 3224 veritatem

270 3283 299 3338 et
319 3274 428 3336 veritas
451 3273 591 3336 liberabit
612 3289 672 3332 vos.
708 3271 794 3332 Nulla
818 3271 897 3332 enlm
920 3289 953 3332 re
976 3271 1087 3334 lruitur
1101 3271 1199 3334 anima
1215 3289 1284 3334 oum
1300 3272 1390 3334 liber·

271 3395 328 3448 tate
349 3387 408 3447 nisi
430 3403 487 3465 quo
517 3385 626 3446 lruitur
647 3401 714 3446 cum
745 3384 910 3444 securitate.
959 3381 1050 3444 Nemo
1078 3387 1175 3444 aulem
1199 3401 1322 3445 securus
1344 3390 1390 3444 est

270 3497 300 3556 in
333 3496 371 3556 iis
400 3495 501 3567 bonis,
537 3513 612 3573 quae
642 3501 738 3573 potest
768 3493 879 3554 invitus
911 3492 1057 3555 emittere.
1102 3491 1261 3554 Veritatem
1289 3500 1388 3555 autem

269 3614 358 3684 etque
380 3603 553 3683 sapientiem
577 3623 665 3664 nemo
687 3603 795 3663 emittit
817 3603 942 3676 invitus;
976 3619 1036 3661 non
1060 3601 1139 3662 euim
1161 3599 1235 3661 locis
1257 3601 1388 3682 seperari

269 3717 307 3777 ab
328 3733 366 3776 ee
385 3714 543 3794 quisquam
565 3722 680 3794 potest;
725 3712 777 3774 scd
807 3731 841 3774 ea
871 3729 947 3790 ques
975 3709 1120 3771 dicitura
1147 3710 1269 3774 veritate
1291 3721 1320 3774 et
1342 3730 1390 3773 sad

269 3826 379 3907 pientia
401 3823 547 3903 separatio
570 3839 706 3904 perversa
730 3822 864 3913 voluntas
887 3827 942 3895 est,
966 3837 1024 3899 qua
1046 3819 1186 3882 inferiora
1210 3821 1386 3902 diliguntur.

271 3938 420 4001 Habemus
442 3935 548 4012 igltur‚
584 3949 640 4012 qus
664 3933 798 3993 lruamur
818 3920 923 3992 omnes
944 3931 1107 4010 aequaliter
1127 3941 1157 3995 et
1178 3932 1385 3994 communiter.

269 4051 333 4112 Nou
365 4047 444 4108 enim
475 4046 511 4105 ab
541 4043 605 4124 ejus
634 4039 905 4104 communione'in
935 4041 1080 4122 privatum
1110 4053 1194 4108 tuum
1222 4050 1388 4102 commutas

269 4156 417 4238 aliquid3'
443 4155 495 4215 sed
522 4155 601 4234 quod
632 4159 663 4215 tu
686 4152 723 4213 de
752 4151 801 4212 illa
824 4151 905 4232 cepis
934 4161 964 4214 et
993 4153 1066 4215 mibi
1096 4159 1195 4216 manet
1224 4151 1384 4229 integrum.

270 4269 354 4342 Quod
385 4275 415 4328 te
444 4265 585 4345 inspirat,
621 4281 683 4326 noo
712 4273 849 4344 exspecto
871 4272 904 4325 ut
926 4264 1066 4325 reddetur
1087 4263 1141 4324 ebs
1163 4270 1192 4321 te
1214 4261 1308 4323 etsie
1331 4279 1387 4342 ego

269 4379 432 4460 ispirer·rx
455 4395 509 4452 eo,
545 4393 604 4438 non
634 4375 714 4438 enim
743 4374 855 4454 aliquid
884 4374 951 4455 elus
973 4371 1131 4452 aliquunde
1154 4371 1187 4432 lit
1208 4371 1387 4454 cujusquam.
