3236 5076
285 617 830 700 ethonesqoodcredirnus.
877 621 915 684 Et
937 621 1058 701 quidem
1081 621 1231 684 oredimus
1262 629 1411 684 tcessc
1478 679 1490 692 Ἰ

285 731 438 811 aliquid
470 749 544 812 quo
578 729 679 792 nihil
714 731 839 812 majos
873 731 1044 811 cogitari
1078 731 1219 810 possit.
1265 733 1308 792 An
1339 749 1410 812 orgo

286 859 345 903 non
368 849 413 901 est
434 839 531 920 aliqua
555 839 622 902 talis
645 849 749 901 natura
773 841 841 920 qnia
865 841 937 902 dixit
966 841 1147 920 insipiens
1170 841 1200 901 in
1224 841 1313 900 corde
1335 859 1409 902 stro:

285 969 358 1013 non
382 959 442 1012 est
465 949 564 1012 Deus
588 951 651 1025 (Ιέ.
672 950 736 1011 XIV
760 949 789 1011 1.
815 950 880 1012 tttt
902 948 973 1026 2.)?
1018 950 1075 1012 Sed
1099 961 1178 1012 certe
1201 950 1301 1011 idern
1324 950 1410 1030 ipse

285 1061 503 1142 insipiens,
528 1079 619 1140 quum
643 1061 725 1120 audit
745 1059 804 1120 hoc
827 1060 924 1140 ipsnrn
949 1059 1027 1138 qnod
1052 1059 1136 1120 dico:
1161 1059 1316 1138 aliquid
1339 1079 1410 1140 quo

285 1169 412 1252 majus
435 1169 537 1230 nihii
561 1169 732 1248 cogitari
757 1178 908 1249 potest,
943 1169 1146 1247 intelligit
1175 1170 1274 1249 quod
1298 1171 1410 1232 audit

285 1289 322 1341 et
344 1279 443 1359 quod
468 1279 667 1357 intelligit
689 1279 726 1339 in
750 1277 966 1340 intellectu
991 1278 1076 1358 ejus
1099 1287 1175 1352 εει,
1211 1279 1407 1340 etiamsinon

285 1389 429 1468 intelligat
450 1387 523 1449 ittud
547 1407 622 1448 esse.
668 1388 754 1448 struo
785 1388 864 1448 enirn
893 1395 956 1462 est,
992 1407 1064 1449 rent
1099 1407 1183 1448 esse
1217 1387 1254 1449 in
1289 1389 1410 1450 intei-

285 1499 387 1560 loctu
422 1497 501 1559 atiud
536 1497 775 1577 intelligere
815 1517 893 1558 rem
928 1517 1024 1559 esse.
1082 1497 1154 1558 Nam
1189 1515 1282 1577 qntrnr
1317 1498 1410 1577 pictor

284 1608 464 1688 praecogitat
497 1627 573 1688 qnae
607 1609 738 1669 iacturas
768 1615 830 1682 ost,
866 1607 954 1668 habet
983 1607 1104 1686 qnidern
1127 1607 1158 1668 in
1182 1607 1333 1668 intellectu
1356 1607 1408 1668 sed

284 1719 416 1779 nondum
451 1737 516 1779 esse
550 1718 687 1797 inteiligit
721 1718 799 1798 quod
835 1717 967 1777 nondam
1001 1717 1079 1777 iecit.
1126 1717 1224 1788 Ortum
1255 1735 1323 1776 vcro
1344 1716 1407 1796 jarn

284 1827 394 1907 pinxit,
430 1837 459 1889 ot
489 1827 577 1889 hebet
607 1829 637 1888 in
661 1827 811 1890 inteiieotn
835 1835 866 1888 ει
887 1827 1025 1906 inteiligit
1048 1845 1113 1887 esse
1136 1827 1215 1905 quod
1243 1826 1304 1906 janr
1326 1827 1407 1888 iecit.

286 1938 477 1998 Conrirrcitur
509 1957 579 2016 crgo
612 1938 701 1997 etiam
734 1938 879 2017 insipiens
912 1955 1001 1997 esse
1034 1936 1091 1996 vei
1127 1936 1163 1996 in
1195 1935 1408 1997 intellectu

285 2046 435 2124 aliquid
467 2064 539 2124 qno
570 2046 671 2105 nihil
706 2046 831 2126 majus
861 2045 1032 2124 cogitari
1064 2053 1214 2124 potest,
1262 2045 1409 2124 quiahoc

285 2173 377 2235 quutn
401 2155 484 2215 audit
506 2155 661 2233 inteiligit,
697 2163 726 2216 et
748 2155 893 2234 quidquid
925 2155 1101 2233 intelligitur
1122 2155 1152 2216 in
1176 2155 1326 2216 intellectu
1351 2163 1405 2215 est.

284 2264 320 2324 Et
350 2271 429 2324 certe
459 2265 494 2325 id
529 2283 603 2343 quo
634 2264 759 2344 majus
790 2265 962 2344 cogitari
992 2266 1135 2344 nequit
1167 2283 1240 2326 non
1275 2271 1409 2346 potest

285 2374 438 2434 esseio
469 2373 686 2435 intellecto
721 2375 818 2435 soto.
871 2375 903 2435 Si
934 2375 1013 2437 eninr
1043 2375 1088 2435 vei
1120 2376 1157 2436 in
1192 2376 1407 2437 intellectu

285 2483 370 2544 solo
392 2491 447 2556 est,
472 2491 570 2562 potest
592 2484 714 2563 cogitari
738 2503 825 2546 esse
848 2493 884 2546 et
907 2484 942 2545 in
967 2503 1005 2546 re
1029 2486 1107 2565 qnod
1131 2485 1256 2564 majus
1278 2493 1335 2545 est.
1375 2485 1406 2544 Si

285 2611 354 2673 ergo
384 2593 413 2654 itt
444 2613 503 2674 quo
533 2595 657 2673 majos
679 2595 800 2674 cogitari
825 2613 883 2656 non
907 2603 1006 2676 potest
1028 2603 1074 2656 εει
1103 2595 1140 2656 in
1171 2595 1254 2656 solo
1283 2593 1407 2655 intei-

284 2705 409 2779 leotu‚
445 2706 480 2765 id
505 2706 631 2784 ipsum
656 2725 728 2784 qno
751 2706 878 2785 majus
901 2705 1072 2785 cogitari
1098 2725 1170 2766 non
1194 2712 1326 2784 potest
1348 2711 1407 2764 est

284 2831 358 2891 quo
381 2813 503 2891 majos
527 2813 699 2890 cogitari
724 2823 865 2892 potest,
890 2815 942 2874 sed
959 2821 1038 2874 certe
1058 2815 1192 2873 lrocesse
1215 2832 1274 2874 non
1297 2821 1403 2894 potest.

283 2920 456 2980 Exsistit
485 2939 555 2999 ergo
578 2921 775 3000 proculdubio
805 2923 957 3001 aliquio
988 2941 1063 3001 quo
1086 2922 1213 3001 majos
1236 2923 1404 3002 cogitari

284 3047 357 3089 non
391 3029 495 3090 valet
528 3039 561 3090 et
596 3031 632 3090 in
664 3031 879 3093 intellectu
910 3032 1005 3092 etin
1033 3050 1081 3092 re.
1128 3032 1214 3103 Quod
1238 3032 1406 3111 ntiquesic

283 3157 351 3200 vere
374 3147 474 3200 estut
503 3159 570 3200 ner
604 3141 775 3219 cogitari
806 3142 936 3220 possit
966 3161 1038 3202 non
1069 3161 1167 3202 esse.
1213 3143 1287 3203 Nanr
1311 3149 1406 3220 potest

283 3249 405 3329 cogitari
440 3242 526 3310 esse
556 3249 708 3329 aliquid
739 3250 840 3330 qnod
870 3269 942 3310 non
973 3251 1105 3330 possit
1135 3250 1307 3330 cogitari
1331 3267 1404 3310 non

283 3373 387 3432 esse,
434 3361 512 3440 qnod
548 3361 673 3440 majos
706 3369 751 3422 εει
780 3379 868 3441 quarn
900 3361 998 3439 qnod
1029 3379 1102 3422 non
1127 3377 1214 3422 esse
1236 3359 1404 3438 cogitari

283 3476 424 3547 potest.
471 3471 567 3540 Quare
590 3470 615 3529 si
639 3470 668 3530 id
698 3489 769 3548 quo
799 3470 923 3549 majos
953 3471 1127 3548 cogitari
1147 3470 1287 3548 nequit
1309 3477 1404 3548 potest

284 3576 405 3655 cogitari
428 3595 501 3637 non
525 3595 612 3637 csso
635 3577 670 3638 in
695 3579 819 3656 ipsum
842 3597 916 3657 quo
940 3579 1062 3656 majus
1085 3579 1258 3657 cogitari
1283 3577 1405 3657 nequit

283 3705 356 3746 non
381 3687 498 3746 estid
522 3705 595 3766 qno
619 3687 741 3766 nrnjus
763 3687 934 3765 cogitari
957 3687 1111 3765 antiquit,
1147 3689 1225 3766 qood
1250 3688 1403 3749 convenire

283 3813 342 3855 non
374 3803 480 3874 potest.
527 3795 591 3854 Sic
620 3813 689 3872 ergo
720 3813 809 3856 vere
839 3803 898 3856 est
920 3795 1074 3873 aliquid
1097 3815 1171 3875 qno
1194 3798 1319 3876 rnajus
1341 3815 1403 3856 co·

284 3905 404 3984 gitari
427 3923 500 3964 non
524 3911 655 3983 potest
678 3913 717 3964 ot
739 3921 808 3964 nac
831 3905 1002 3983 cogitari
1025 3905 1156 3984 possit
1179 3925 1248 3966 non
1271 3923 1348 3965 esse
1370 3913 1404 3964 et

283 4016 354 4076 hoc
376 4031 415 4073 es
439 4013 671 4087 tuDomine‚
696 4014 793 4074 Dens
816 4023 965 4074 nostor.
990 4015 1253 4094 Sicergovorees‚
1280 4013 1403 4074 Domino

283 4125 363 4185 Deus
387 4141 481 4198 mens
507 4130 541 4182 ut
561 4141 617 4182 nec
639 4123 759 4202 cogitari
783 4124 881 4203 possis
904 4143 962 4184 non
987 4143 1062 4198 esse,
1088 4124 1246 4186 etmerito.
1279 4124 1309 4186 Si
1322 4124 1401 4184 enirn

283 4234 380 4312 aliqua
412 4252 494 4294 niens
523 4232 618 4312 possit
648 4233 775 4312 cogitare
808 4234 962 4314 aliquid
992 4234 1134 4294 meiius
1164 4242 1200 4294 te
1229 4234 1403 4294 ascenderet

284 4352 416 4404 creatora
451 4361 539 4421 supra
573 4351 734 4404 creatorem
768 4354 796 4405 ει
825 4344 971 4426 judicaret
1004 4345 1040 4403 de
1073 4351 1204 4403 creatore
1238 4363 1292 4403 sno
1321 4343 1401 4421 qnod
