3260 5058
671 438 1018 516 -ttrz—

272 623 510 702 ‚sniamesse
532 619 762 696 contendis;
797 619 1003 688 sadsdioas
1033 619 1128 683 mihi
1158 639 1306 699 quaeso
1338 623 1404 686 uhi

275 733 378 794 vhanc
406 738 573 792 roe-ntem
603 729 800 798 inveniam
830 729 1039 809 locumque
1069 727 1165 792 mihi
1193 733 1402 808 ostendas»

280 859 353 922 quo
382 840 461 902 tate
490 858 558 902 ens
588 836 795 901 versatur?
838 839 912 900 Naro
943 837 969 900 si
991 857 1024 900 re
1046 849 1113 900 vera
1137 857 1192 902 ens
1214 841 1335 922 aliquod
1358 845 1403 906 sui

281 951 376 1032 ipsius
398 950 550 1012 conscium
572 955 621 1011 est
641 948 809 1010 necessario
832 947 919 1016 etiam
949 947 1150 1028 propriam
1181 958 1212 1012 et
1233 953 1317 1031 quasi
1340 972 1405 1032 pe-

282 1059 472 1122 culiarem
494 1058 804 1120 subsistentiam
826 1056 926 1120 habet.
971 1057 1010 1118 Et
1032 1076 1105 1119 sane
1127 1059 1185 1121 hoc
1207 1061 1329 1140 quidem
1351 1081 1404 1124 ne-

281 1170 342 1250 gari
366 1169 486 1249 nequit,
521 1168 614 1230 menti
636 1168 683 1230 sui
706 1167 801 1247 ipsius
830 1166 969 1230 consciae
999 1167 1150 1246 propriam
1180 1169 1403 1234 subsistentiam

281 1277 500 1342 attribuendam
530 1297 605 1338 esse.
652 1277 711 1338 Sed
740 1276 941 1356 contemplare
969 1275 1177 1352 hominem,
1211 1279 1263 1357 qui
1286 1281 1403 1360 etipse

245 1401 247 1406 '
282 1397 380 1450 menta
402 1386 449 1448 sui
471 1387 566 1467 ipsius
587 1385 868 1466 consciapraeditns
890 1392 945 1448 est.
981 1385 1067 1447 Certe
1079 1404 1132 1447 nec
1143 1404 1249 1464 corpus
1260 1396 1399 1450 nostrum

283 1499 360 1560 idern
375 1496 462 1576 -qucd
484 1496 603 1558 animus
632 1513 688 1558 uec
715 1495 806 1556 altera
836 1502 976 1574 exparte
998 1495 1113 1558 animus
1141 1494 1291 1556 rationalis
1317 1497 1396 1558 idem

274 1607 363 1688 quod
385 1625 495 1687 corpus
517 1614 576 1681 est,
602 1605 659 1667 nisi
681 1605 756 1666 torta
778 1605 808 1666 in
830 1605 989 1667 absurdam
1012 1623 1116 1666 eorurn
1138 1604 1306 1684 opinionem
1327 1605 1399 1668 diia-

274 1718 383 1790 beris,
419 1716 470 1797 qui
501 1715 576 1777 nihii
610 1715 668 1778 nisi
697 1734 821 1796 corpora
850 1715 882 1778 in
912 1733 1013 1778 rernm
1042 1723 1147 1776 natura
1176 1731 1242 1776 esse
1270 1722 1405 1776 statuunt

283 1836 373 1907 atque
385 1827 536 1890 hominem
548 1825 637 1888 veluti
657 1825 822 1886 machinam
839 1825 1017 1904 cogitantem
1037 1825 1167 1900 iaciunt;
1191 1823 1244 1886 sed
1266 1824 1406 1885 animus

285 1938 323 1998 in
356 1954 524 2018 corpore
557 1942 603 1996 est
634 1943 666 1996 et
697 1943 848 2015 operatur.
901 1935 933 1996 Si
962 1953 1032 1996 vero
1060 1935 1197 2014 quaeris,
1240 1951 1407 2014 quonam

285 2049 371 2111 loeo
401 2067 485 2110 mens
509 2056 608 2110 nostra
631 2047 796 2128 suiipsius
819 2047 937 2108 conscia
967 2047 1022 2120 sit,
1058 2065 1147 2108 nemo
1170 2054 1231 2121 est,
1267 2046 1319 2126 qui
1343 2045 1407 2106 sine

285 2157 366 2218 ornoi
390 2157 481 2218 dubio
504 2176 606 2218 verum
636 2156 690 2218 tibi
719 2157 908 2236 respondeat.
953 2157 1058 2218 Anima
1089 2175 1178 2229 sane,
1213 2175 1290 2235 quae
1320 2155 1407 2216 nobis

286 2285 353 2327 eum
387 2266 493 2326 ceteris
525 2264 704 2326 animalibus
737 2265 906 2326 communis
939 2273 1001 2340 est,
1037 2265 1215 2345 quibusdam
1248 2265 1407 2345 praecipue

286 2373 420 2453 corporis
442 2374 575 2454 partibus
596 2373 715 2435 astricta
738 2382 784 2435 est
805 2382 838 2436 ut
859 2374 981 2436 cerebro
1003 2374 1049 2436 vei
1072 2375 1165 2450 cordi,
1190 2373 1235 2435 vei
1258 2374 1404 2454 sanguini.

287 2484 366 2558 Quin
396 2483 484 2546 etiarn
515 2481 572 2544 hcc
594 2483 817 2547 concedendum
845 2492 906 2560 est,
942 2485 1050 2546 mentis
1084 2483 1285 2546 efficacitatem
1319 2502 1407 2563 saepe

287 2593 493 2657 deficientibus
526 2575 659 2674 conponis
691 2593 805 2657 viribus
837 2603 887 2658 aut
920 2591 1059 2674 impediri
1092 2602 1142 2655 aut
1175 2591 1297 2654 omnino
1330 2591 1404 2666 tolli,

288 2705 435 2786 siquidem
468 2705 586 2766 animus
619 2715 721 2767 noster
753 2703 906 2766 rationalis
938 2723 992 2784 per
1021 2703 1098 2764 hanc
1125 2704 1213 2764 vitam
1236 2710 1407 2764 terrestrem

288 2833 412 2894 corpore
440 2822 590 2894 tamquam
620 2832 730 2894 organo
759 2832 815 2874 suo
844 2813 948 2874 utitur.
993 2812 1096 2892 Neque
1126 2819 1224 2873 tamen
1246 2830 1331 2873 mens
1352 2812 1409 2873 hu-

288 2941 374 2984 mana
399 2922 444 2984 sui
467 2923 563 3002 ipsius
586 2922 704 2984 conscia
738 2931 870 2984 certae
904 2921 1057 2983 cuidam
1090 2921 1275 3002 corporis
1304 2917 1421 3002 parti'

289 3049 413 3112 prorsus
446 3031 561 3111 alligata
596 3040 657 3107 est,
692 3031 744 3092 sed
779 3050 846 3111 per
876 3038 997 3093 totum
1026 3047 1167 3109 corpus
1197 3038 1226 3092 ct
1252 3031 1409 3092 manifesto

289 3149 411 3222 apparet
433 3149 463 3202 et
484 3147 624 3222 operatur
645 3149 733 3221 atque
749 3139 828 3202 haud
844 3159 913 3202 raro
929 3139 1063 3219 corporis
1079 3139 1167 3200 etiam
1182 3139 1259 3200 vires
1277 3147 1407 3220 superat,

290 3271 381 3331 quum
404 3270 430 3312 e.
455 3270 483 3331 p.
508 3270 723 3331 saepenumero
752 3259 783 3314 et
804 3251 861 3314 loci
884 3257 915 3313 et
943 3249 1085 3330 temporis
1114 3249 1208 3329 spatia
1238 3250 1347 3312 mirum
1377 3250 1409 3311 in

290 3362 411 3424 modum
435 3361 569 3424 devincat
591 3370 621 3423 et
642 3361 802 3425 debilitatis
824 3381 878 3442 per
899 3368 1082 3423 senectutem
1100 3359 1191 3420 totius
1207 3359 1282 3420 ritae
1297 3359 1410 3421 viribus
1496 3407 1503 3412 .

291 3470 400 3531 summi
430 3472 678 3552 protectorisque
707 3472 744 3534 ad
767 3480 931 3533 extremum
963 3471 1100 3550 spiritum
1129 3467 1238 3548 vigoris
1268 3469 1408 3548 speciem,

292 3579 543 3642 evidentissimum
566 3580 1031 3642 immortalitatisdccumentum
1054 3577 1203 3658 praebeat.
1243 3579 1308 3640 Jam
1331 3578 1411 3658 quod

292 3689 384 3748 manti
408 3689 554 3750 humanae
575 3690 736 3752 admodum
767 3690 886 3750 definita
909 3688 1029 3768 quidam
1053 3697 1083 3748 et
1103 3688 1274 3768 imperfecta
1296 3688 1412 3750 ratione

292 3797 605 3859 attribuendumesse
626 3798 755 3860 vidimus
777 3798 814 3859 ad
837 3798 952 3859 deum
975 3807 1141 3859 mentem
1163 3817 1308 3860 summe
1330 3815 1412 3877 per-

293 3909 440 3970 fectam
461 3915 496 3970 et
526 3907 740 3987 suiipsius
769 3907 967 3968 consciam
994 3907 1217 3970 accommodare
1239 3925 1409 3988 possumus,

294 4019 319 4078 si
352 4017 572 4083 universam
605 4035 737 4078 rerum
769 4024 956 4078 naturam·
977 4015 1062 4096 quasi
1084 4015 1151 4096 ejus
1178 4032 1410 4096 corpusesse

293 4126 467 4213 accipimus.
514 4127 593 4188 Haec
615 4145 686 4188 sane
707 4126 920 4207 perfectissima
945 4143 1029 4199 mens
1052 4145 1112 4188 oon
1135 4134 1244 4190 certo
1267 4126 1413 4188 cuidam

295 4236 428 4298 mundi
450 4236 537 4298 loco
558 4237 678 4298 astricta
701 4243 765 4313 est,
800 4236 852 4298 sed
875 4237 912 4298 in
935 4243 1019 4300 toto
1041 4237 1114 4298 hoo
1135 4236 1323 4298 universo
1347 4233 1414 4297 ubi-

293 4364 413 4432 ‚orrnque
442 4353 472 4407 et
501 4354 544 4408 est
575 4354 604 4408 et
633 4354 789 4428 operatur,
823 4345 863 4408 ita
892 4354 926 4408 ut
952 4364 1089 4426 quaeque
1107 4351 1170 4414 ,aut
1198 4345 1342 4408 exsistant
1362 4352 1415 4406 aut
