3260 5058
673 422 998 491 „80—

270 598 423 688 toepyu‘oe)
456 600 620 680 propria
650 610 816 664 naturae
846 621 938 664 suae
968 603 1002 664 vi
1033 604 1198 666 exsistit
1220 605 1281 666 sire
1303 607 1392 684 quia

269 710 313 771 ad
336 721 515 772 naturam
544 729 649 772 snam
679 712 858 791 pertinet
887 713 1085 776 exsistere
1108 714 1165 775 boc
1187 722 1233 775 est
1255 733 1393 776 neces·

163 825 165 831 ‘
270 815 377 881 sa'rio
400 820 573 882 exsistit.
610 821 692 892 Quae
708 823 772 882 idea
797 841 945 884 summam
961 823 1092 902 prolecto
1112 824 1202 884 elllcit
1222 825 1393 886 admiratio-

269 949 349 1006 nem,
372 947 427 990 ens
449 931 529 994 enim
554 931 609 992 tale
632 949 735 992 omnes
749 932 895 1014 'notiones
918 940 1035 994 nostras
1057 933 1144 1012 louge
1167 942 1298 1013 superat.
1333 936 1392 996 Sed

269 1057 318 1102 res
340 1049 384 1102 est
413 1041 533 1102 maximi
563 1042 723 1116 momenti,
759 1043 788 1102 in
819 1061 876 1121 qua
907 1061 1011 1104 omnes
1033 1051 1152 1104 nostrae
1181 1044 1257 1104 entis
1280 1045 1392 1106 aeterni

268 1151 474 1229 perceptiones
497 1151 633 1212 nituntur
655 1152 788 1230 adeoque
810 1153 991 1231 permultum
1011 1153 1143 1228 interest,
1167 1159 1200 1214 ut
1218 1153 1391 1233 priusquam

269 1259 387 1338 lougius
416 1261 642 1339 progrediamur
671 1261 795 1322 dubium
825 1263 973 1342 quoddam
1004 1263 1083 1341 quod
1113 1263 1163 1324 hic
1192 1264 1262 1324 oriri
1291 1273 1392 1344 posset

268 1369 448 1430 refellamus.
493 1370 627 1430 Vidimus
657 1370 773 1449 itaque,
808 1372 871 1432 dari
902 1372 1022 1451 aliquod
1052 1391 1123 1447 ens,
1159 1373 1239 1452 quod
1269 1381 1391 1434 naturae

269 1493 340 1538 suae
363 1479 389 1538 vi
403 1466 546 1558 *adeoque
570 1480 738 1540 necessario
761 1481 883 1541 exsistit.
930 1481 1048 1542 Scimus
1071 1483 1177 1553 etiarn,
1210 1483 1390 1544 contrarium

268 1605 334 1648 esse
356 1587 381 1648 si
403 1607 549 1668 ponamus
571 1590 651 1668 quod
674 1589 785 1668 aliquid
808 1609 868 1651 non
892 1591 1028 1666 exsistat,
1053 1610 1145 1671 quum
1168 1599 1266 1652 umen
1289 1609 1391 1654 neces·

268 1698 379 1758 sarium
402 1698 451 1760 sit.
498 1700 529 1760 Si
552 1699 642 1778 igitur
663 1718 827 1778 ponamus,
862 1699 892 1760 id
922 1700 1001 1779 qnod
1032 1701 1146 1761 exsistit
1167 1719 1227 1761 uou
1250 1701 1390 1762 exsistere

267 1807 341 1868 baec
361 1808 525 1888 propositio
547 1809 810 1870 contradictionem
833 1809 961 1870 involvat
982 1827 1105 1870 necesse
1124 1818 1179 1885 est,
1204 1811 1272 1888 quia
1296 1829 1389 1872 uuum

268 1925 347 1978 certe
369 1935 423 1978 ens
446 1925 500 1992 est,
525 1918 604 1996 qnod
628 1919 796 1978 necessario
818 1918 942 1979 exsistit.
976 1919 1041 1979 lam
1061 1919 1118 1979 lroc
1139 1937 1155 1979 a
1179 1919 1264 1980 nobis
1287 1927 1390 1998 postu·

268 2026 322 2087 lari
346 2045 432 2106 posse
454 2027 586 2101 ridetur,
618 2037 650 2087 ut
673 2027 785 2088 directo
809 2028 987 2106 probemus,
1018 2028 1176 2089 absurdam
1200 2037 1229 2089 et
1251 2029 1390 2108 impossi·

267 2135 358 2196 bilem
388 2155 454 2196 esse
483 2136 560 2198 banc
589 2136 834 2217 propositionem.
880 2137 941 2198 Cur
962 2137 1060 2213 enim,
1094 2138 1219 2199 fortasse
1241 2138 1388 2218 quispiam

268 2243 384 2320 dixerit,
408 2244 571 2306 absurdum
595 2253 673 2305 esset
695 2245 824 2324 cogitare
847 2263 1042 2324 quaecunque
1065 2265 1145 2307 nunc
1167 2247 1295 2308 efficacia
1318 2255 1388 2308 sunt

268 2353 385 2416 nullum
414 2353 543 2432 amplius
571 2354 737 2433 producere
767 2352 927 2416 allectum?
962 2353 1088 2426 Quando
1117 2362 1216 2416 autem
1246 2355 1387 2434 possibile

268 2469 323 2538 est,
347 2471 380 2524 ut
401 2463 499 2524 omnis
529 2464 650 2524 ellectus
673 2481 738 2524 esse
761 2463 893 2538 desinat,
929 2471 990 2524 tum
1021 2465 1153 2543 prolecto
1182 2464 1257 2525 nihil
1287 2465 1385 2540 datur,

267 2573 347 2654 qnod
370 2573 536 2636 necessario
569 2574 671 2634 efficax
701 2573 739 2634 sit
768 2593 864 2653 neque
886 2575 960 2635 adeo
990 2593 1042 2636 ens
1066 2577 1284 2651 necessarium,
1318 2575 1387 2655 quia

266 2682 324 2744 boc
346 2685 481 2744 ellectum
514 2662 713 2744 necessarium
744 2684 837 2762 ponit.
884 2684 925 2744 td
955 2685 1032 2745 banc
1055 2684 1256 2746 difficultatem
1281 2685 1387 2745 tollen-

267 2794 334 2854 dam
356 2780 589 2873 respondemus:
615 2811 736 2854 neccsse
759 2799 825 2854 esse
847 2795 873 2854 si
896 2795 1160 2855 contradictionem
1183 2794 1312 2874 aliquam
1336 2794 1386 2854 de·

266 2903 450 2983 prehendere
479 2902 622 2976 velimus,
658 2909 690 2963 ut
719 2903 794 2963 duae
816 2903 877 2963 sint
906 2904 1042 2964 notiones
1064 2903 1223 2982 positivae,
1259 2921 1385 2982 quarum

266 3012 356 3073 altera
378 3010 500 3071 alteram
523 3009 610 3070 tollit.
632 2993 636 3004 ⁵
658 3010 807 3072 Habemus
836 3012 933 3072 ideam
964 3011 1066 3072 circuli
1096 3030 1172 3091 quae
1194 3011 1318 3092 positiva
1341 3020 1386 3072 cst

266 3129 296 3182 et
316 3121 411 3182 ideam
434 3119 579 3200 quadrati,
604 3139 679 3199 quae
702 3139 762 3182 non
785 3121 885 3182 minus
906 3121 1029 3200 positiva
1052 3130 1106 3183 est.
1153 3122 1264 3193 Quodsi
1288 3122 1385 3182 ideam

265 3230 368 3291 circuli
398 3232 561 3291 formamus
590 3229 687 3291 ideam
717 3231 852 3310 quadrati
882 3231 1016 3292 delemus
1045 3250 1140 3310 ecque
1163 3233 1228 3311 ipso
1251 3250 1385 3310 compre·

264 3341 439 3416 hendimus,
474 3339 658 3420 impossibile
681 3359 763 3414 esse,
800 3349 832 3402 ut
860 3341 915 3402 hae
937 3341 1013 3402 dnae
1042 3342 1125 3402 ideae
1155 3341 1207 3402 uni
1229 3341 1384 3421 eidemque

264 3449 398 3530 subjecto
420 3458 598 3530 competant.
643 3451 707 3511 lam
727 3470 796 3511 vero
815 3451 879 3512 idea
898 3451 1161 3512 non-exsistentiae
1177 3451 1251 3512 nihil
1267 3451 1383 3530 positivi

263 3558 295 3620 in
318 3577 350 3620 se
372 3561 502 3620 continet
524 3561 657 3638 adeoque
678 3560 910 3621 animadvertere
932 3579 991 3620 nou
1015 3578 1194 3640 possumus,
1225 3560 1383 3622 absurdam

264 3685 329 3728 eam
352 3685 428 3728 esse.
472 3670 600 3748 Apparet
628 3669 736 3748 igitur,
771 3669 866 3729 ideam
897 3669 1049 3748 possibilis
1078 3677 1108 3729 et
1130 3669 1323 3750 impossibilis
1345 3685 1383 3730 ne

263 3776 396 3838 adhiberi
420 3777 538 3856 quidem
561 3778 610 3838 hic
631 3796 730 3857 posse,
755 3779 824 3857 quia
848 3785 970 3857 utraque
988 3778 1061 3838 duas
1079 3797 1128 3839 res
1144 3785 1240 3840 certas
1251 3779 1383 3859 postulat

264 3905 339 3965 quae
372 3885 450 3946 iuter
482 3903 514 3946 sc
547 3885 686 3966 conjungi
719 3886 765 3948 rel
797 3892 926 3966 possunt
957 3886 1002 3948 rel
1035 3895 1197 3968 nequeunt.
1244 3888 1275 3950 Si
1308 3888 1381 3948 illud

263 3996 419 4074 ponimus,
454 3994 635 4074 possibilitas
668 3997 812 4072 efficitur,
849 3995 873 4056 si
906 3996 963 4056 hoc
998 3996 1232 4076 impossibilitas.
1285 3997 1382 4058 llerae

263 4103 355 4182 igitur
376 4104 542 4183 negationis
564 4104 609 4165 vel
630 4106 690 4181 rei,
719 4125 795 4186 quae
817 4105 893 4167 nihil
915 4106 989 4168 certi
1011 4107 1145 4168 continet
1166 4125 1264 4186 neque
1286 4107 1382 4186 possi·

263 4213 363 4274 bilitas
385 4231 481 4293 neque
504 4214 728 4294 impossibilitas
749 4216 889 4278 contendi
901 4222 1018 4296 potest;
1043 4223 1168 4296 utraque
1179 4215 1243 4277 idea
1256 4235 1381 4296 prorsus

263 4322 313 4384 bic
337 4322 471 4384 adbiberi
501 4323 615 4404 nequit.
660 4325 792 4388 Dicimus
825 4327 916 4406 igitur
948 4326 1002 4388 has
1036 4325 1110 4388 duas
1142 4325 1379 4406 propositiones:
