3236 5076
608 459 932 530 ...33ss

204 645 317 708 tatione
338 642 540 724 complector,
565 651 596 704 et
617 659 653 704 ex
674 641 723 704 bis
744 641 820 704 aliae
841 640 1027 704 voluntas
1048 642 1130 704 sive
1152 644 1327 708 affectat

203 756 278 818 alias
323 762 423 818 autem
464 752 619 833 judicia
663 750 861 834 appellantur.
923 751 988 814 lam
1029 751 1109 832 qaod
1141 753 1178 815 ad
1218 753 1328 816 ideas

204 865 328 940 attinet,
375 863 400 925 si
435 861 515 924 solae
547 862 579 923 ia
613 881 645 924 se
677 868 852 941 spectentur
884 879 941 922 nec
972 860 1010 922 ad
1045 861 1125 924 aliud
1157 861 1229 942 quid
1261 863 1327 926 illas

205 977 347 1049 referam,
382 973 508 1036 falsae
536 971 657 1052 proprie
685 989 752 1034 esse
781 989 841 1032 non
872 978 1009 1051 possunt.
1062 971 1148 1034 Nulla
1176 971 1267 1036 etiam
1294 974 1327 1036 in

206 1085 290 1166 ipsa
312 1083 516 1144 voluntate
539 1081 584 1144 vel
606 1080 826 1144 affectibus
848 1080 1012 1142 falsitas
1034 1089 1080 1142 est
1103 1081 1243 1144 timenda.
1285 1085 1328 1146 Ac

205 1193 332 1275 proinde
353 1191 414 1254 sola
437 1199 600 1272 supersunt
617 1189 791 1270 judicia,
815 1189 978 1270 inquibus
1000 1189 1073 1252 mibi
1096 1191 1258 1254 cavendum
1282 1201 1328 1254 est

205 1322 251 1366 ne
272 1301 407 1378 fallar,
431 1301 608 1382 praecipuus
630 1307 727 1362 autem
752 1300 1145 1380 erroretfrcquentissimus
1163 1301 1214 1382 qui
1233 1303 1328 1382 possit

204 1413 236 1476 in
259 1413 319 1474 illis
341 1411 464 1492 reperiri
494 1411 630 1474 consistit
659 1410 690 1472 in
724 1429 759 1472 eo
793 1411 894 1489 quod
927 1411 1039 1474 ideas
1071 1429 1169 1492 quae
1200 1412 1238 1474 in
1271 1429 1328 1475 me

204 1530 297 1588 sunt
321 1521 495 1603 judicem
524 1520 643 1582 rebus
677 1519 916 1606 quibusdam
952 1529 1061 1582 extra
1090 1539 1146 1582 me
1178 1521 1328 1602 positis

203 1651 292 1696 csse
324 1631 482 1694 similes
515 1631 596 1692 sive
629 1631 870 1704 conformes,
905 1647 973 1692 narn
1003 1631 1134 1709 profecto
1163 1630 1329 1694 sitantum

205 1743 288 1804 ideas
309 1742 389 1821 ipsas
411 1748 445 1802 ut
466 1739 653 1820 cogitationis
681 1757 765 1801 meae
794 1738 939 1818 quosdam
965 1739 1071 1800 modos
1094 1739 1326 1814 considerarem,

205 1851 254 1912 vix
276 1850 349 1912 mihi
378 1849 470 1910 ullam
492 1849 610 1910 errandi
640 1849 793 1910 materiam
817 1849 887 1910 dare
914 1856 1047 1928 possent
1086 1849 1137 1922 lla
1158 1848 1206 1910 bis
1227 1856 1328 1914 autem

207 1960 283 2022 ideis
311 1959 386 2022 aliae
415 1959 575 2020 innatae
603 1958 676 2022 aliae
705 1957 969 2033 adventitiae,
1003 1957 1079 2020 aliae
1106 1977 1123 2019 a
1154 1977 1210 2022 me
1239 1959 1327 2040 ipso

207 2073 334 2132 factae
361 2069 435 2130 mibi
464 2068 609 2131 videntur.
657 2069 714 2130 Sed
746 2067 795 2130 bic
823 2067 981 2148 praecipue
1004 2067 1040 2128 de
1062 2067 1100 2130 iis
1122 2069 1328 2148 quaerendum

205 2189 251 2244 est
272 2199 346 2261 quas
368 2188 518 2259 umquam
541 2198 558 2241 a
587 2177 708 2241 rebus
736 2186 923 2240 extreme
952 2177 1247 2240 exsistentibus
1276 2179 1328 2242 de-

204 2299 339 2370 sumptas
360 2289 535 2365 considero;
559 2306 706 2368 quaenam
728 2307 777 2350 me
799 2296 897 2348 moret
918 2286 1003 2362 ratio,
1028 2293 1061 2348 ut
1075 2286 1141 2350 illas
1156 2287 1222 2350 istis
1237 2288 1329 2352 rebus

204 2401 317 2464 similes
339 2417 405 2462 esse
428 2399 602 2474 existimen3
627 2417 735 2477 nempe
758 2398 811 2458 ita
833 2396 969 2459 videor
990 2397 1131 2460 doctus
1153 2416 1170 2460 a
1194 2407 1327 2462 natura

206 2519 236 2572 et
257 2519 408 2590 praeterea
431 2507 584 2587 experior,
616 2507 682 2570 illas
705 2525 766 2569 non
788 2525 804 2567 a
827 2525 891 2569 mea
914 2505 1062 2568 voluntate
1085 2525 1141 2568 nec
1163 2508 1327 2588 proindca

150 2694 153 2699 Ι
207 2637 257 2680 me
278 2619 344 2698 ipso
365 2617 515 2696 pendere3
560 2633 648 2694 saepe
677 2614 758 2676 enim
781 2615 824 2675 vel
846 2616 937 2678 invito
964 2615 1177 2691 obversantur,
1212 2628 1245 2679 ut
1267 2618 1328 2680 sive

207 2727 296 2790 velim
328 2726 390 2788 sive
421 2725 514 2786 nolim
544 2709 640 2786 santio
670 2724 807 2786 calorem.
854 2726 952 2797 Quum
984 2727 1034 2788 hic
1066 2725 1150 2802 dico,
1186 2744 1241 2788 me
1273 2727 1326 2790 ita

208 2838 361 2900 doctum
385 2854 473 2898 esse
495 2854 511 2897 a
532 2845 689 2912 natura,
724 2835 857 2916 intelligo
879 2845 1012 2912 tantum,
1037 2855 1085 2899 me
1107 2845 1327 2918 spontaneo

206 2947 366 3027 quodam
390 2947 537 3026 impetu
561 2946 629 3008 ferri
651 2945 688 3008 ad
713 2946 769 3008 boc
797 2947 1052 3023 credendum,
1088 2965 1148 3010 non
1179 2947 1328 3010 lumine

205 3057 369 3138 quodam
402 3056 578 3118 naturali
611 3057 685 3118 milri
719 3057 836 3118 ostendi
866 3075 953 3118 csse
983 3075 1132 3133 verum,
1168 3077 1244 3137 quae
1266 3059 1326 3120 duo

204 3168 332 3229 multum
366 3167 546 3247 discrepant.
602 3167 676 3228 Nam
709 3185 905 3248 quaecunque
945 3166 1059 3228 lumine
1092 3167 1220 3229 naturali
1253 3167 1327 3230 mibi

206 3278 404 3340 ostenduntur
426 3282 484 3353 (ut,
508 3278 588 3357 quod
618 3277 813 3357 essequod
845 3276 976 3338 dubitem
1007 3286 1151 3356 sequatur
1175 3295 1222 3338 me
1244 3282 1326 3353 esse)

206 3388 290 3449 nullo
317 3387 406 3448 modo
436 3387 524 3449 dubia
554 3407 621 3450 esse
651 3395 777 3468 possunt
805 3387 874 3466 quia
908 3386 989 3448 nulla
1019 3386 1076 3448 alia
1106 3385 1230 3448 facultas
1260 3405 1327 3448 csse

206 3505 313 3578 potest,
336 3497 385 3559 cui
407 3515 500 3578 aeque
522 3499 610 3560 ssdam
632 3517 667 3560 ac
688 3497 794 3560 lumini
816 3497 884 3572 isti3
908 3497 960 3560 sed
983 3505 1128 3576 quantum
1143 3497 1180 3559 ad
1197 3497 1326 3578 impetus

205 3608 354 3670 naturales
383 3608 446 3688 jam
479 3628 567 3689 saepe
601 3609 672 3670 olim
702 3608 831 3689 judicavi
863 3625 911 3670 mc
943 3607 981 3668 ab
1014 3607 1057 3669 eis
1087 3607 1118 3670 in
1148 3607 1325 3670 deteriorem

204 3727 317 3798 partem
340 3737 406 3780 esse
428 3718 603 3798 impulsum.
650 3718 763 3780 Deinde
786 3717 920 3797 quamvis
941 3717 1025 3780 ideae
1047 3718 1116 3780 illac
1137 3737 1153 3780 a
1176 3718 1326 3782 voluntate

203 3847 269 3888 mea
290 3845 351 3888 non
374 3828 533 3907 pendeant,
557 3846 618 3889 non
641 3828 707 3889 ideo
730 3836 862 3903 constat,
897 3828 978 3908 ipsas
1006 3848 1024 3890 a
1054 3827 1144 3890 rebus
1173 3836 1254 3889 extra
1277 3847 1325 3892 me

202 3937 308 4018 positis
329 3936 509 4017 procedere;
532 3945 565 3999 ut
587 3938 667 4000 enim
690 3938 818 4018 impetus
839 3936 897 4012 illi,
918 3938 955 3999 dc
971 3938 1080 4018 quibus
1098 3957 1166 3998 mox
1182 3911 1327 4016 loquebar

203 4047 337 4128 quamvis
359 4047 390 4108 in
414 4065 462 4107 mc
485 4046 545 4108 sint
566 4065 583 4108 a
605 4047 754 4110 voluntate
776 4056 873 4108 tamen
891 4066 955 4110 mea
972 4048 1079 4109 diversi
1095 4065 1160 4108 esse
1175 4047 1322 4122 videntur,

203 4159 242 4218 ita
265 4158 340 4218 forte
362 4157 449 4219 etiam
472 4156 570 4238 aliqua
592 4157 648 4220 alia
672 4165 717 4218 est
739 4157 769 4218 in
792 4177 840 4219 nie
863 4157 986 4220 facultas
1007 4155 1141 4218 nondum
1159 4156 1231 4219 satis
1252 4155 1324 4218 mibi

203 4266 319 4345 cognita
348 4266 472 4328 istarum
503 4267 636 4328 idearum
659 4267 805 4342 effectrix,
842 4275 875 4330 nt
900 4268 1044 4329 hactenus
1077 4283 1197 4346 semper
1227 4266 1325 4328 visum

203 4384 258 4446 est,
281 4375 347 4438 illas
365 4377 438 4439 dum
455 4377 573 4440 somnio
590 4376 703 4458 absque
715 4377 773 4440 ulla
790 4395 891 4440 rerum
903 4385 1089 4440 externarum
1111 4395 1168 4457 ope
1189 4375 1322 4438 formari.

1120 4478 1136 4528 3
