3236 5076
671 508 755 518 -.
809 467 994 538 μμ..

269 660 374 713 mutoo
397 649 513 730 sejungi
538 669 624 730 posse
654 659 743 732 atque
773 651 813 713 ita
837 639 871 712 eir
893 670 928 712 eo
951 651 1030 730 quod
1058 651 1119 730 jam
1143 651 1199 711 sim
1222 669 1281 711 nou
1305 651 1391 730 sequti

270 781 317 824 me
340 781 408 824 mcx
438 763 588 838 futurum,
624 762 682 824 uisi
712 761 809 842 aliqua
839 781 927 823 causa
957 779 1005 822 me
1034 761 1120 841 qirasi
1150 779 1255 822 rursus
1284 761 1393 822 efficiat

270 873 397 953 singuiis
419 873 589 949 momentis,
615 892 674 936 uon
698 873 865 935 dubitarem
888 873 968 934 iliam
992 891 1128 946 causum,
1154 891 1230 951 quae
1253 891 1300 932 me
1322 889 1394 931 cou-

270 991 365 1046 servct
405 984 657 1046 efficientem
698 1003 820 1046 vocure:
865 983 905 1045 ita
948 983 1048 1045 [icus
1085 982 1200 1044 etiamsi
1239 1001 1391 1061 nonquam

269 1080 329 1156 uon
353 1092 458 1169 fuerit,
490 1093 559 1173 quia
582 1101 680 1156 tamon
703 1093 753 1155 iffc
776 1093 839 1174 ipse
862 1099 924 1168 est,
953 1093 1004 1174 qoi
1027 1112 1059 1154 se
1082 1110 1114 1154 re
1136 1111 1203 1153 vera
1225 1100 1390 1166 conservet,

269 1203 386 1266 videtur
408 1223 468 1264 non
493 1203 582 1264 nimis
604 1203 766 1284 improprie
788 1203 846 1264 dici
869 1221 957 1284 posse
980 1203 1040 1264 sui
1064 1221 1189 1264 causa.
1224 1203 1267 1263 Ex
1284 1201 1393 1282 quibos
1427 1271 1430 1277 ι

271 1313 356 1376 facile
379 1313 565 1393 respondebo
587 1313 624 1376 od
648 1313 868 1374 distinctionem
893 1311 973 1374 verbi
996 1333 1011 1374 a
1035 1332 1075 1374 se
1098 1312 1177 1393 quod
1200 1313 1393 1374 doctissimus

272 1423 427 1503 theologus
461 1423 577 1484 monuit
609 1442 675 1484 esse
708 1423 925 1503 explicandum.
978 1424 1164 1503 Negetiva
1198 1422 1278 1484 verbi
1311 1443 1326 1483 u
1361 1439 1393 1484 se

270 1533 403 1615 acceptio
436 1552 451 1594 a
486 1532 569 1594 sola
611 1533 850 1596 intellectos
891 1533 1048 1594 humaui
1082 1532 1394 1613 imperfectione

270 1643 456 1725 procedit
475 1643 710 1724 nullumque
733 1643 772 1705 in
796 1644 914 1706 rebus
942 1643 1058 1705 habet
1080 1643 1392 1719 fundamentum3

271 1753 416 1836 quaedam
440 1771 509 1816 vero
532 1753 587 1816 elia
611 1762 656 1816 est
677 1753 869 1834 positive,
901 1773 977 1834 quac
999 1771 1015 1815 a
1039 1771 1137 1816 rerum
1160 1753 1282 1814 veritate
1304 1753 1393 1834 petita

272 1873 318 1926 est
340 1872 370 1926 et
392 1883 426 1926 ex
448 1883 505 1944 qua
528 1864 589 1925 scia
613 1883 712 1926 meum
735 1872 944 1944 argumentum
973 1864 1128 1944 processit.
1176 1863 1276 1942 ftaquc
1302 1881 1393 1944 quum

272 1975 418 2048 dicimus,
454 1972 548 2034 [teum
571 1993 587 2034 a
611 1991 649 2034 se
672 1991 755 2048 esse,
793 1993 952 2053 possumus
982 1974 1102 2053 quidem
1126 1973 1204 2034 istud
1227 1973 1394 2054 iuteffigerc

271 2081 473 2163 negative,
508 2081 547 2144 ita
571 2081 698 2158 scilicet,
723 2090 756 2144 ut
778 2091 894 2144 tautum
917 2102 1024 2146 sensus
1047 2085 1102 2158 sit,
1137 2083 1284 2144 nullam
1308 2103 1394 2145 esse

272 2191 360 2273 ejus
390 2206 563 2267 causum,
599 2193 650 2254 sed
680 2193 704 2254 si
729 2193 813 2272 prius
842 2194 879 2255 dc
909 2213 997 2254 causa
1026 2211 1081 2255 cur
1102 2194 1141 2254 sit
1170 2193 1231 2254 sive
1254 2213 1306 2254 cur
1327 2213 1392 2256 esse

271 2309 441 2384 perseveret
472 2301 681 2381 inquisivimus
713 2301 967 2382 adtendentesque
1003 2303 1040 2364 ad
1077 2304 1252 2364 immensam
1286 2311 1314 2362 ct
1345 2302 1391 2362 in-

272 2409 571 2495 comprehensibilem
602 2411 765 2492 potentium
794 2431 869 2492 quae
899 2413 930 2474 iu
953 2412 1019 2494 ejus
1042 2414 1107 2474 idea
1130 2414 1298 2475 continetur
1317 2421 1389 2472 tatu

271 2531 577 2602 exsuperantem
614 2521 724 2584 illam
761 2523 952 2602 agnovimus,
989 2530 1028 2585 ot
1057 2523 1172 2604 plane
1205 2523 1258 2584 sit
1280 2541 1392 2584 causa

272 2649 340 2694 cur
372 2631 444 2694 ifle
478 2641 710 2712 perseveret
743 2652 813 2695 nec
845 2632 923 2694 cfia
960 2642 1120 2714 practer
1151 2633 1275 2713 ipsam
1309 2651 1395 2694 esse

272 2743 421 2822 possit,
457 2743 583 2806 dicimus
607 2743 699 2804 Deum
730 2761 809 2806 ase
838 2763 904 2805 esse
935 2763 995 2806 nou
1025 2743 1153 2824 amplius
1183 2743 1317 2822 negative
1343 2741 1395 2804 sed

273 2871 363 2932 quam
407 2853 533 2914 maxime
573 2853 760 2933 positive.
816 2854 984 2915 Prudenter
1015 2873 1084 2915 vero
1119 2853 1168 2914 hic
1200 2853 1318 2932 nituerit
1349 2869 1394 2914 cu

273 2961 381 3023 clare
404 2970 441 3023 et
464 2962 661 3024 distincte
684 2983 918 3043 cognoscam
948 2964 1168 3026 infinitum.
1214 2965 1317 3045 ltaque
1340 2961 1396 3024 im·

271 3071 378 3152 primis
407 3073 456 3134 hic
477 3073 575 3142 dicam
598 3073 806 3136 infinitum
836 3093 907 3154 qua
937 3074 1144 3136 infinitum
1168 3075 1251 3136 nuifc
1274 3075 1394 3154 quidem

271 3182 360 3242 modo
394 3183 678 3255 comprehendi
719 3184 784 3245 sed
827 3183 1023 3244 nihilomiuus
1066 3192 1162 3246 tauuu
1196 3185 1392 3264 intelligi,

271 3297 418 3370 quotenus
442 3292 572 3368 scilicet,
608 3293 686 3354 clarc
708 3301 738 3354 et
757 3294 898 3354 distincte
921 3293 1086 3374 intelligere
1115 3293 1298 3373 aliquam·
1317 3313 1393 3354 rem

272 3402 384 3464 talem
418 3421 523 3478 esse,
559 3411 600 3465 ut
632 3403 735 3464 nuffi
768 3404 884 3484 plane
917 3405 955 3466 in
986 3423 1026 3466 ea
1056 3403 1209 3466 limites
1236 3404 1395 3484 possint

271 3513 447 3592 reperiri
481 3523 526 3574 est
553 3514 632 3574 clare
666 3513 832 3594 iuteffigere
863 3533 941 3576 eam
976 3533 1063 3576 esse
1096 3515 1312 3575 infinitam.
1358 3514 1394 3574 Et

273 3620 321 3681 hic
351 3622 470 3701 quidem
507 3622 657 3702 distinguo
691 3625 769 3684 inter
809 3625 1069 3684 indefinitum
1104 3631 1133 3684 et
1166 3623 1393 3699 infinitum3

271 3729 404 3810 iffudque
429 3739 541 3792 tautum
573 3733 693 3812 proprie
727 3734 933 3794 infinitum
964 3733 1080 3812 appcffo
1110 3732 1149 3794 in
1180 3753 1254 3813 quo
1285 3734 1394 3794 nu-ffa

272 3861 313 3903 cx
336 3849 446 3921 parte
469 3841 621 3902 limites
651 3843 928 3917 inveniuntur,
964 3861 1023 3921 quo
1046 3861 1136 3904 sensu
1160 3844 1270 3904 solus
1294 3843 1394 3905 fieus

271 3952 492 4028 estiuduitus;
527 3952 697 4014 iilaautem
731 3953 769 4014 in
803 3951 948 4033 quibus
982 3953 1053 4014 soh
1082 3954 1215 4033 eliqua
1245 3963 1393 4015 tantum

270 4063 428 4124 ratione
451 4063 555 4124 fines
578 4079 651 4124 nou
682 4081 854 4142 agnosco
884 4063 1099 4125 indefinita
1123 4063 1243 4141 quidem
1265 4063 1392 4143 appello,

268 4189 332 4232 uun
355 4181 452 4234 autern
476 4173 601 4234 iuftuita.
648 4173 802 4234 Praeterea
825 4173 976 4253 distinguo
998 4173 1077 4234 inter
1099 4173 1292 4234 rationem
1316 4175 1395 4234 for·

272 4282 407 4346 tnofcm
439 4283 598 4344 infiniti
633 4283 693 4344 sire
723 4282 969 4344 infinitatem
1001 4291 1133 4344 efrem
1167 4301 1264 4362 quac
1297 4283 1394 4344 iufi-

272 4393 352 4456 uita
383 4404 445 4470 cst3
481 4411 550 4456 uam
580 4406 724 4476 qiratttum
755 4395 790 4456 ad
821 4394 1068 4456 infinitatem
1100 4393 1215 4456 etiamsi
1245 4393 1326 4455 idam
1349 4392 1394 4454 iu*
