3260 5058
662 444 1007 514 -118—

277 637 388 692 stunt
420 627 557 709 quidem,
592 627 672 689 vita
704 635 803 690 autem
835 627 989 708 propria
1022 636 1058 688 et
1089 627 1250 690 interna
1284 643 1394 698 carent.

278 739 431 820 Pergimus
464 738 534 802 iude
566 737 603 800 ad
636 737 849 800 secundum
891 745 1163 800 ereaturarum
1197 740 1395 821 ordinem,

277 850 435 931 plautas
457 849 587 925 scilicet,
622 868 698 929 quae
727 861 809 912 motu
838 848 957 929 quidem
987 847 1152 911 voluntario
1182 859 1305 931 egentes
1330 875 1397 936 per·

277 961 414 1024 lectiores
442 967 540 1022 tamen
570 968 640 1022 sunt
668 959 816 1040 lapidibus
844 967 932 1039 atque
954 959 1099 1035 metallis,
1134 980 1227 1041 quum
1257 964 1394 1028 alimenta

277 1070 384 1152 spiritu
407 1090 440 1133 ex
462 1081 530 1134 aere
553 1072 663 1134 ducant
684 1070 892 1152 radicibusque
913 1089 950 1132 ex
970 1070 1062 1132 humo
1085 1083 1201 1152 sugant,
1226 1094 1318 1154 quum
1340 1078 1396 1139 hae

277 1181 340 1262 ipsa
363 1181 400 1243 de
422 1199 510 1242 causa
533 1199 592 1242 non
615 1180 792 1243 adhaesione
815 1189 844 1242 et
865 1181 1084 1242 coacervatione
1105 1187 1240 1259 tautum,
1275 1186 1326 1246 sed
1349 1187 1394 1248 in-

278 1291 370 1354 ternis
393 1290 570 1370 quibusdam
592 1290 703 1352 viribus
725 1297 876 1366 crescant,
911 1309 1003 1370 quum
1033 1291 1180 1371 imprimis
1207 1294 1253 1355 sui
1274 1298 1391 1374 generis

277 1400 455 1482 propagines
478 1402 608 1481 gignant.
653 1402 693 1464 Et
714 1401 782 1480 quis
803 1408 858 1477 est,
883 1400 934 1480 qui
955 1403 1090 1464 confiteri
1114 1403 1240 1479 dubitet,
1264 1425 1386 1484 reguum

277 1509 439 1590 vegetabile
468 1511 618 1592 plurimas'
640 1511 914 1592 pulcherrimasque
943 1530 1004 1573 non
1026 1512 1178 1593 adspectui
1197 1514 1299 1590 modo,
1333 1517 1384 1577 sed

278 1621 365 1686 etiam
389 1622 574 1686 delectationi
607 1631 726 1686 nostrae
755 1622 868 1702 species
897 1621 1063 1702 praebere?
1106 1624 1254 1704 Adspicite
1281 1645 1386 1704 quaeso
1418 1633 1420 1638 '

276 1733 410 1812 gramina
443 1733 627 1814 herbasque,
671 1752 746 1812 quae
779 1733 922 1794 redeunte
960 1753 1027 1795 vere
1060 1743 1141 1814 prata
1176 1744 1277 1798 nostra
1308 1735 1392 1798 viridi

278 1851 430 1923 tamquam
452 1851 614 1906 stramento
636 1843 754 1922 teguntl
789 1842 889 1904 Videte
911 1843 1023 1922 fruges,
1048 1863 1123 1923 quae
1138 1845 1250 1906 aestivo
1265 1853 1395 1926 tempore

278 1971 365 2032 agros
387 1953 512 2033 implent
533 1961 562 2016 et
583 1951 809 2014 innumerabilia
821 1971 911 2032 grana
924 1954 1210 2033 praestantissimum
1223 1956 1395 2018 hominibus

278 2062 380 2133 cibum
402 2063 574 2124 ellunduntl
616 2062 808 2126 Delectaurini
831 2062 973 2138 floribus,
1009 2065 1060 2144 qui
1090 2085 1210 2145 campos
1232 2067 1395 2146 hortosque

279 2181 404 2248 ornant,
438 2174 489 2253 qni
519 2173 653 2236 colorum
681 2174 820 2236 varietate
848 2174 1033 2254 odorumque
1062 2176 1202 2236 suavitate
1235 2179 1394 2238 maximam

278 2282 418 2346 sensibus
450 2284 561 2346 nostris
593 2284 773 2364 voluptatem
806 2285 932 2364 optimas
965 2284 1063 2345 animo
1099 2283 1219 2344 delicias
1251 2286 1390 2346 allerunt.

278 2392 527 2473 Contemplamini
549 2413 670 2474 magnas
692 2404 779 2475 atquc
802 2395 931 2456 excelsas
952 2393 1082 2467 arbores,
1105 2412 1181 2472 quae
1202 2393 1391 2464 validissimis

278 2503 309 2564 in
334 2511 440 2566 terram
464 2504 612 2568 radicibus
634 2507 765 2569 confixae
787 2507 945 2569 altissimas
963 2507 991 2568 iu
1008 2505 1116 2584 stirpes
1133 2502 1392 2583 amplissimosque

279 2632 378 2678 remos
400 2624 609 2691 succrescunt,
644 2636 719 2696 quae
741 2619 891 2679 frondosis
913 2617 1059 2697 capitibus
1082 2614 1305 2676 saluberrimam
1328 2633 1394 2675 um·

279 2723 361 2788 bram
395 2735 425 2787 et
456 2728 614 2792 esculentis
648 2727 793 2790 fructibus
826 2727 1029 2790 suavissimam
1064 2727 1150 2788 nobis
1182 2726 1394 2786 recreationem

279 2836 433 2916 praebent.
479 2839 590 2900 Omnes
611 2858 681 2900 vero
703 2838 812 2902 herbae
834 2838 1025 2916 arboresque,
1050 2838 1183 2918 quamvis
1198 2836 1323 2897 maxima
1341 2837 1393 2896 ho·

279 2946 376 3008 mines
398 2946 592 3008 oblectatione
613 2949 741 3008 alliciant
764 2953 793 3008 et
814 2946 1010 3026 gratissimam
1030 2965 1117 3025 saepe
1133 2947 1220 3032 nobis
1238 2945 1388 3007 utilitatem

280 3068 462 3136 comparent,
486 3056 622 3118 vivunt
642 3057 781 3136 quidem,
816 3055 1004 3117 sensibus
1032 3063 1130 3115 antem
1158 3055 1332 3136 propriis
1353 3060 1389 3114 et

280 3167 414 3230 innata
439 3169 551 3248 quasi
573 3168 698 3230 anima
721 3176 830 3230 carent.
855 3165 1166 3246 Pervenimusjamad
1188 3165 1389 3240 animalia,

280 3297 356 3358 quae
378 3279 455 3342 sicut
475 3281 573 3361 ipsum
597 3301 704 3343 nomen
728 3281 858 3343 ostendit
878 3279 1008 3342 animam
1030 3277 1150 3354 habent,
1176 3297 1251 3358 quae
1266 3285 1297 3339 et
1312 3286 1394 3338 motu

279 3389 444 3453 voluntario
474 3399 504 3452 et
531 3401 635 3452 natura
665 3392 780 3472 petibili
809 3391 1007 3470 sensibusque
1036 3389 1167 3469 praedita
1196 3395 1284 3462 ¹snrrt,
1320 3407 1395 3468 quae

281 3500 465 3579 superiorem
486 3503 584 3564 adhue
606 3503 757 3564 fossilibus
778 3503 946 3584 plantisque
969 3501 1000 3561 in
1023 3519 1122 3560 rerum
1140 3507 1243 3560 natura
1260 3497 1396 3558 obtinent

281 3607 391 3672 locum
425 3611 463 3672 Et
473 3613 605 3691 prolecto
624 3613 761 3674 animalia
780 3633 840 3673 non
853 3612 951 3672 solum
966 3609 1093 3670 essentia
1109 3627 1162 3669 sua
1175 3608 1251 3668 sicut
1261 3627 1395 3687 gemmae

281 3727 311 3780 et
332 3739 438 3782 aurum
461 3731 490 3782 et
511 3731 670 3801 argentum
691 3723 819 3802 pretiosa
841 3723 885 3783 vel
908 3721 986 3782 sicut
1004 3739 1070 3781 saxa
1093 3728 1122 3780 et
1144 3729 1260 3781 montes
1281 3719 1395 3780 excelsa

282 3836 312 3890 et
332 3831 515 3893 admirabilia
538 3841 616 3908 suut,
641 3853 738 3913 neque
757 3833 834 3894 sicut
852 3831 961 3892 herbae
979 3830 1158 3911 arboresque
1173 3831 1397 3911 pulchritudine

283 3948 397 4003 tantum
419 3948 451 4004 et
479 3943 604 4004 utilitate
634 3963 780 4005 summam
803 3943 888 4004 nobis
911 3941 1134 4004 delectationem
1164 3943 1307 4017 afferunt,
1342 3941 1395 4003 sed

282 4051 371 4114 etiam
393 4072 446 4134 pro
475 4055 614 4116 varietate
643 4054 760 4134 generis
789 4054 884 4135 ipsius
913 4061 1035 4115 naturae
1058 4052 1142 4132 quasi
1164 4051 1264 4114 indole
1286 4052 1396 4132 gravis-

282 4161 366 4224 simis
388 4183 475 4244 saepe
504 4165 808 4228 animadversionibus
831 4165 1014 4226 occasionem
1045 4162 1186 4244 praebent
1207 4171 1396 4242 mentemque

282 4273 438 4359 cogitando
461 4285 615 4356 occupant,
639 4295 732 4356 quum
754 4277 841 4338 vitam
863 4283 893 4336 et
914 4293 1012 4336 mores
1033 4273 1117 4354 quasi
1136 4291 1239 4334 eorum
1257 4291 1396 4353 perscru-

283 4383 338 4445 tari
361 4385 520 4466 possimus.
566 4387 716 4459 Quantum
738 4405 807 4468 eg.
831 4385 919 4448 modo
941 4384 1058 4448 roboris
1080 4403 1115 4446 ac
1135 4383 1282 4459 saevitiae,
1306 4383 1395 4446 modo
