3236 5076
691 399 1013 472 ,ψῃ-.-

290 579 415 661 uttur‘)
437 583 478 646 lu
500 583 562 646 lere
583 581 732 663 loquitur:
777 585 820 646 ln
844 583 923 647 [leus
945 583 1007 646 siti
1039 584 1144 646 Utrum
1167 581 1260 646 Deum
1283 601 1357 646 esse
1384 583 1433 646 sit

291 709 377 776 perse
399 693 527 757 notun?
570 693 661 756 llultr
684 701 773 769 sunt,
807 695 973 774 quasiste
996 693 1092 776 ipsius
1112 694 1155 756 rei
1177 693 1299 756 notione
1318 693 1432 756 simul

290 812 369 866 uerte
398 814 479 868 sunt.
530 805 567 866 Ut
595 803 676 866 enim
706 803 856 866 intellecto
888 805 960 886 quid
990 805 1029 866 sit
1059 812 1152 866 totum
1182 811 1211 866 et
1238 803 1311 882 quid
1342 821 1434 884 pers

290 915 391 977 stetim
420 914 613 995 intelligitur,
649 923 745 976 toturn
767 923 850 995 perte
876 914 1157 996 somniumne,
1190 913 1230 976 ite
1260 913 1431 976 intellectu

290 1025 387 1105 qnid
418 1023 626 1105 signilioet
657 1025 728 1086 lrou
758 1043 895 1087 nomen
918 1023 1019 1086 Deris
1040 1025 1139 1086 stetim
1162 1023 1291 1086 hebetur
1310 1025 1429 1104 quod

290 1135 392 1198 Ileus
424 1143 503 1212 est;
537 1135 723 1216 signilleetur
754 1135 834 1197 enirn
865 1136 922 1198 hoo
954 1135 1075 1198 nomine
1108 1135 1147 1197 id
1181 1153 1256 1214 quo
1288 1134 1429 1214 majus

290 1244 516 1326 siguilionri
538 1263 613 1306 non
636 1253 790 1326 potest;
815 1244 940 1326 majus
961 1253 1060 1307 uuum
1082 1245 1223 1325 estquod
1242 1245 1346 1306 estin
1376 1263 1427 1306 re

290 1363 326 1418 et
347 1355 386 1416 in
409 1354 625 1417 intellectu
647 1373 737 1436 qnam
759 1353 840 1436 quod
863 1363 910 1417 ost
938 1354 976 1416 in
1006 1354 1222 1418 intellectu
1245 1363 1422 1431 tuntum,

290 1463 370 1527 unde
392 1464 544 1526 intolleoto
566 1465 623 1526 lroo
645 1466 764 1527 nornine
786 1483 879 1546 quum
903 1465 1003 1527 lieris
1033 1465 1132 1528 stetim
1155 1465 1194 1528 sit
1222 1465 1261 1527 in
1288 1465 1425 1527 intel·

290 1575 396 1638 lectu
429 1575 564 1657 seqnitur
595 1575 683 1638 etium
716 1573 817 1657 quod
851 1574 905 1638 sit
937 1575 974 1636 in
1008 1592 1058 1637 re.
1116 1575 1261 1636 Similiter
1291 1593 1424 1656 quoque

289 1686 457 1767 aliquem
479 1701 566 1748 esse
588 1683 791 1748 veritatem
814 1703 868 1766 per
890 1701 922 1746 se
937 1693 1119 1747 eertumost.
1149 1685 1291 1764 Numqui
1310 1694 1417 1765 neget,

289 1796 420 1876 aliquem
449 1813 515 1857 esse
544 1795 696 1858 veritatem
725 1815 761 1858 eo
790 1797 856 1876 ipso
877 1795 1030 1871 coneedit,
1064 1795 1144 1875 quod
1174 1793 1273 1876 eliqua
1303 1795 1418 1858 ¹veritus

291 1905 348 1980 sit,
384 1903 453 1983 quin
477 1903 502 1965 si
526 1905 607 1966 nulls
631 1905 737 1966 veritos
758 1906 863 1980 detur,
897 1905 955 1967 hoo
977 1906 1076 1986 ipsum
1098 1903 1177 1984 quod
1199 1904 1306 1966 veritos
1328 1905 1417 1967 nulln

290 2021 335 2076 est
356 2029 459 2074 verum
481 2022 537 2075 est.
583 2014 614 2076 Si
638 2013 729 2094 igitur
749 2014 871 2094 aliquod
894 2033 998 2076 verum
1020 2023 1066 2078 est
1087 2015 1236 2076 veritus
1258 2035 1417 2096 quoque

289 2124 343 2185 sit
371 2141 536 2186 neeesse
565 2130 625 2184 est
654 2130 684 2184 et
710 2141 801 2203 quum
825 2124 922 2186 Deus
956 2124 1042 2205 ipso
1076 2125 1129 2186 sit
1162 2126 1310 2188 veritas
1340 2125 1411 2202 (Er.

288 2234 335 2296 lo.
359 2233 424 2294 XlV
444 2230 479 2308 6)
513 2251 584 2312 ergo
606 2233 721 2294 Deum
755 2251 842 2294 esso
874 2229 929 2314 p'er
961 2251 993 2296 se
1026 2243 1140 2296 eertum
1174 2242 1228 2297 est.
1286 2235 1345 2297 Sed
1378 2235 1414 2298 iel

289 2350 403 2406 tantum
427 2351 690 2423 persecutum
714 2351 769 2419 ost,
794 2342 881 2423 eujus
903 2343 1084 2405 contrarium
1103 2363 1142 2406 ne
1153 2345 1275 2424 eogitari
1287 2345 1413 2425 quidem

289 2461 402 2534 potest;
437 2453 532 2516 Deum
554 2473 624 2516 roro
648 2472 707 2516 non
730 2473 796 2517 esse
820 2454 882 2531 (rs.
907 2453 972 2516 Llll
994 2452 1029 2530 2)
1059 2453 1183 2534 eogitari
1206 2473 1277 2516 sene
1299 2463 1409 2536 potest.

290 2563 364 2626 liuto
387 2565 477 2642 onim,
503 2565 582 2646 quod
606 2565 732 2645 quilibet
753 2565 897 2646 intelligat
923 2564 981 2626 hoo
1002 2564 1123 2626 nomine
1145 2563 1225 2626 Deus
1247 2565 1410 2644 signilloni

288 2674 346 2737 hoo
367 2677 447 2756 quod
470 2676 589 2752 dieitur,
614 2677 727 2738 seilieot
748 2677 777 2737 id
799 2695 860 2756 quo
882 2675 979 2756 majus
1001 2673 1123 2754 eogitari
1140 2691 1200 2734 non
1216 2681 1324 2754 potest,
1348 2691 1410 2736 non

288 2795 412 2865 propter
443 2785 501 2846 hoe
533 2785 669 2864 sequitur
696 2786 775 2865 quod
805 2785 951 2865 intelliget
981 2783 1012 2845 id
1041 2784 1121 2862 quod
1150 2783 1335 2864 significatur
1356 2799 1412 2864 per

289 2909 400 2956 nomen
430 2911 517 2955 esse
546 2894 586 2954 in
615 2911 743 2955 rerum
766 2902 905 2956 natura
930 2893 996 2954 sed
1026 2893 1065 2954 in
1087 2893 1411 2974 apprehensione

289 3003 527 3066 intellectus
551 3010 711 3066 tantum.
756 3004 817 3066 Neu
839 3010 938 3084 potest
958 3003 1041 3083 argui
1064 3002 1144 3084 quod
1167 3003 1206 3066 sit
1229 3003 1259 3064 in
1282 3022 1325 3079 re,
1350 3002 1409 3064 nisi

289 3114 411 3176 duretur
433 3114 513 3194 quod
537 3113 576 3176 sit
597 3113 627 3176 in
651 3131 684 3175 re
706 3111 893 3194 aliquidque
915 3111 1013 3193 mejus
1034 3113 1193 3193 significari
1216 3131 1277 3174 non
1290 3115 1406 3193 'potest

289 3224 368 3305 quod
402 3241 463 3288 non
497 3219 543 3287 est
571 3224 673 3287 datum
703 3243 719 3286 o
749 3223 931 3305 ponentibus
954 3222 1047 3284 ileum
1078 3241 1137 3285 oon
1168 3241 1245 3285 esse.
1298 3222 1410 3284 Distin-

288 3335 439 3416 guendum
469 3335 561 3416 igitur
590 3337 668 3398 inter
695 3355 826 3415 eaquae
855 3353 924 3416 per
941 3351 991 3398 ,se
1020 3342 1050 3395 et
1078 3351 1154 3412 quse
1183 3333 1309 3414 quoad
1338 3351 1410 3394 nos

289 3453 367 3507 eorto
390 3454 472 3506 sunt.
518 3445 596 3507 [leus
626 3465 714 3509 suum
745 3463 810 3506 esse
840 3453 902 3522 est;
937 3444 989 3506 sed
1012 3443 1081 3528 quie
1103 3443 1253 3506 nescimus
1276 3443 1348 3522 quid
1370 3442 1410 3504 sit

289 3554 378 3629 oeus,
403 3533 476 3614 illud
489 3554 601 3616 dietum
622 3555 749 3634 quoud
771 3573 827 3615 nos
840 3571 900 3614 non
912 3571 966 3632 per
981 3559 1139 3614 secenum
1158 3561 1213 3630 est,
1238 3553 1289 3616 sed
1308 3552 1409 3634 perid

290 3663 368 3742 quod
388 3662 483 3742 magis
502 3671 615 3724 certium
629 3663 782 3744 estquoud
801 3681 856 3723 nos
875 3662 1014 3722 etminus
1034 3670 1146 3724 eertum
1163 3663 1259 3742 quoad
1272 3672 1409 3725 naturum

289 3771 476 3853 probandum
499 3779 561 3848 est,
597 3791 705 3853 nempe
734 3791 802 3852 per
824 3772 1006 3832 ellectus
1052 3771 1106 3832 Est
1127 3771 1205 3833 enim
1229 3773 1337 3853 duplex
1358 3773 1410 3834 de·

289 3883 514 3945 monstrationis
536 3883 621 3959 ratio,
645 3883 735 3945 altera
759 3900 813 3962 per
834 3899 954 3944 oausam
976 3881 1036 3943 sive
1057 3900 1111 3961 per
1125 3883 1222 3962 priore
1235 3883 1410 3964 simpliciter

290 3994 380 4056 altere
402 4011 457 4073 per
478 3993 600 4054 effeetus
622 3993 679 4055 hoo
708 4000 754 4054 est
775 4011 851 4072 queo
873 3999 944 4052 sunt
968 3992 1067 4073 priora
1089 3992 1187 4070 quoad
1209 4011 1274 4054 nos.
1320 3992 1409 4054 Simi-

290 4103 358 4164 liter
381 4103 485 4164 Duns
507 4103 668 4165 Sootus:
691 4101 805 4177 omnis,
829 4099 937 4182 inquit,
961 4108 992 4162 et
1013 4101 1075 4162 sola
1097 4099 1146 4162 illu
1169 4102 1333 4184 propositio
1355 4119 1409 4183 por

358 4338 387 4404 t)
406 4337 438 4390 ei.
458 4335 596 4388 Thomas
614 4335 769 4403 Aquinus:
800 4335 900 4389 Sumne
917 4345 966 4389 eto.
988 4337 1051 4388 Pers
1069 4335 1080 4388 l
1098 4341 1190 4402 quaest
1207 4333 1229 4386 ll
1247 4335 1312 4387 ertio
1329 4335 1340 4388 l
1358 4333 1388 4388 ll.
