3260 5058
545 429 964 500 ·--123--

225 616 360 677 oriantur
377 622 429 676 aut
446 615 519 674 liant
533 612 616 674 illius
632 612 888 692 omnipotentiam,
912 613 1099 694 sapientiam,
1123 611 1345 692 benignitatem,

226 701 412 790 sanedtatem
445 723 649 784 manifestent.
704 722 807 802 Neque
839 729 938 784 temen
970 721 1065 802 ipsius
1096 721 1228 783 numinis
1258 722 1354 783 divini

227 833 422 896 subsistentia
445 852 513 894 cum
537 832 677 894 universo
699 851 802 894 rerum
825 831 930 893 ordine
952 831 1164 893 confundenda·
1183 837 1238 907 est,
1263 831 1348 911 quasi

228 943 374 1022 quaedam
408 944 507 1004 innata
540 951 664 1006 naturae
697 941 740 1002 vis
773 947 863 1002 esset.
917 941 968 1002 llla
1000 941 1100 1020 potius
1132 959 1219 1002 mens
1251 942 1349 1022 primo

228 1061 352 1116 semet
384 1052 512 1132 ipsam
552 1049 766 1130 cogitando
806 1050 985 1129 percipit
1017 1050 1116 1130 itaque
1149 1059 1217 1112 ante
1250 1051 1349 1112 omnia

229 1163 345 1226 saecula
368 1162 598 1240 universamque
620 1179 720 1220 rerum
743 1167 878 1222 naturam
901 1177 941 1220 re
963 1177 1051 1221 vera
1074 1179 1142 1240 per
1163 1179 1203 1221 se
1225 1161 1349 1240 ipsam

157 1341 167 1350 ,
229 1272 411 1348 exsistit;
435 1282 498 1332 tum
521 1270 619 1331 onmia
643 1277 674 1330 et
695 1268 855 1330 invisibilia
877 1279 907 1330 et
927 1269 1054 1330 visibilia
1069 1269 1254 1350 amplissimo
1269 1288 1350 1331 com-

226 1385 314 1464 plexu
336 1401 514 1461 summaque
535 1379 750 1460 perspicuitate
781 1377 922 1458 intelligit
950 1387 979 1440 et
1008 1398 1203 1460 quaeeunque
1224 1388 1294 1441 sunt
1315 1399 1350 1441 ex

226 1493 339 1573 optimo
361 1491 577 1570 liberrimoque
607 1487 768 1550 voluntatis
798 1505 870 1548 suae
900 1488 1026 1549 consilio
1055 1497 1085 1550 et
1113 1497 1193 1550 creat
1221 1497 1259 1550 et·
1279 1508 1351 1551 eon·

227 1609 324 1662 servat
345 1608 377 1661 et
399 1599 492 1678 regit,
523 1617 599 1678 quae
622 1597 743 1677 quidem
767 1596 862 1676 ipsius
885 1597 1017 1676 operatio
1040 1615 1100 1658 nou
1123 1617 1184 1658 uno
1204 1597 1350 1678 temporis
1445 1671 1447 1674 ¹

229 1717 380 1770 momento
402 1707 536 1768 absoluta
559 1714 589 1768 et
610 1706 695 1786 quasi
718 1706 851 1767 conlecta
875 1714 936 1780 est,
972 1707 1024 1767 sed
1053 1725 1108 1785 pen
1128 1707 1226 1768 omnia
1249 1707 1351 1786 potius

230 1817 335 1878 muudi
365 1817 481 1877 saecula
512 1817 717 1891 continuatur,
752 1816 848 1878 itaut
878 1833 937 1876 non
963 1816 1065 1877 minus
1087 1796 1118 1876 in
1141 1815 1351 1877 communibus

229 1925 526 2004 immutabilibusque
549 1935 670 1988 natusne
692 1925 823 2006 legibus,
848 1943 937 2005 quam
960 1926 991 1988 in
1014 1925 1216 2005 singularibus
1237 1925 1352 2007 praeci·

229 2036 359 2117 puisque
399 2035 516 2096 divinae
553 2035 698 2096 efficaciae
735 2035 914 2098 testimoniis
947 2034 984 2095 ab
1015 2035 1188 2096 bominibus
1220 2035 1351 2114 conspici

228 2146 333 2226 possit.
381 2145 460 2207 llaec
489 2153 534 2207 est
555 2163 622 2207 vera
652 2145 793 2226 acjusta
818 2145 885 2206 Dei
915 2144 993 2205 vivi
1017 2145 1117 2219 notio,
1148 2163 1223 2224 quae
1245 2163 1261 2204 e
1284 2163 1352 2226 pro·

227 2256 326 2336 posito
360 2265 464 2317 nostro
496 2262 674 2336 argtrmento
709 2265 790 2317 recte
820 2255 987 2328 derivetur,
1025 2254 1097 2315 baec
1130 2254 1252 2334 inquam
1285 2273 1351 2315 vcra

226 2365 360 2427 numinis
387 2343 504 2427 summe
534 2366 657 2445 perlecti
680 2366 764 2440 idea,
800 2383 890 2442 quam
920 2363 1115 2426 lbeismus
1144 2364 1350 2444 amplectitur;

229 2493 322 2552 quum
352 2493 368 2534 e
397 2475 548 2534 contrario
578 2474 651 2533 illud
682 2491 737 2532 ens
766 2471 953 2549 absolutum,
989 2473 1069 2552 quod
1097 2473 1351 2552 pantheistae

231 2588 330 2640 mente
353 2579 410 2640 sibi
432 2581 566 2658 tingunt,
590 2580 672 2659 quod
694 2579 741 2640 sui
764 2580 858 2660 ipsius
881 2582 1060 2644 conscientia
1083 2581 1210 2660 ideoque
1232 2583 1349 2661 propria

230 2709 285 2769 per
307 2708 340 2750 se
362 2688 553 2752 subsistentia
580 2694 663 2750 caret
685 2696 715 2750 et
736 2689 767 2750 in
790 2691 902 2752 mundo
924 2692 1043 2754 demum
1066 2710 1102 2754 ac
1124 2691 1296 2770 praesertim
1320 2692 1350 2751 in

231 2799 346 2861 naturis
368 2798 520 2860 intellectu
548 2798 690 2879 praeditis
718 2817 816 2861 veram
839 2819 924 2863 suam
953 2801 1153 2862 exsistentiam
1182 2799 1353 2879 assequitur

228 2916 333 2970 nostro
365 2917 445 2970 certe
481 2908 597 2989 judicio
631 2927 729 2989 neque
762 2910 870 2972 rationi
909 2929 1006 2989 neque
1038 2909 1243 2990 philosophiae
1276 2909 1351 2990 parti

226 3019 332 3082 morali
360 3039 458 3099 neque
480 3019 617 3098 religioni
647 3019 710 3080 ullo
740 3021 828 3082 modo
863 3019 999 3080 subiciat.
1052 3020 1110 3082 Sed
1139 3020 1226 3080 aliam
1256 3021 1353 3081 adhue

227 3129 415 3196 adversarius
437 3129 545 3206 aliquis
568 3128 767 3207 objectionem
791 3129 822 3188 in
845 3128 978 3192 medium
1001 3129 1133 3208 prolerre
1155 3135 1266 3208 posset.
1308 3130 1352 3190 Tu

228 3233 362 3308 Deum,
398 3253 466 3294 ens
497 3235 837 3312 perfectissimum
867 3255 1070 3314 personam
1093 3255 1180 3298 esse
1203 3238 1352 3298 statuis

229 3343 399 3420 ideoque
421 3341 523 3402 aliae
546 3342 786 3406 exadversus
809 3343 921 3404 illum
939 3347 1143 3408 exsistunt
1163 3364 1349 3426 personae,

228 3453 409 3514 homines
442 3452 755 3514 sciiicetmente
788 3455 849 3515 sui
882 3455 1012 3536 ipsius
1044 3460 1204 3520 conscia
1238 3476 1352 3538 prae·

228 3563 315 3624 diti.
361 3562 434 3624 Sed
456 3581 584 3624 nonne
607 3564 904 3644 unumquodque
927 3585 995 3627 ens
1018 3567 1050 3628 si
1072 3566 1151 3628 alia
1174 3568 1351 3648 ejusdem

227 3672 390 3752 generis
412 3679 505 3732 sunt
527 3672 740 3734 delinitum
764 3681 801 3736 et
823 3675 936 3754 quasi
965 3675 1083 3737 abiis
1112 3675 1352 3742 determina·

226 3791 305 3842 tum
334 3782 406 3842 boc
435 3788 495 3842 est
524 3781 801 3860 imperfectum
832 3785 886 3845 sit
914 3803 1079 3846 neeesse
1109 3786 1192 3848 est‘l
1231 3790 1267 3849 lt
1295 3791 1353 3852 iroe

226 3892 326 3973 ipsum
349 3891 430 3971 quod
452 3891 558 3952 attinet
586 3891 622 3952 ad
646 3900 762 3953 mentes
792 3893 839 3952 sui
862 3892 957 3972 ipsius
980 3894 1114 3954 conscias
1137 3896 1260 3958 minime
1282 3918 1353 3960 cou-

227 4001 393 4063 eedendum
417 4007 473 4061 est.
519 4000 583 4061 lam
608 4019 685 4080 quae
708 4019 743 4062 ex
766 4000 916 4066 communi
939 4001 1184 4065 vitaehumanae
1206 4025 1261 4067 usu
1286 4028 1353 4087 pet·-

227 4111 355 4190 cipimus
378 4127 564 4188 nequaquam
587 4127 677 4171 tinam
701 4117 830 4168 mentem
854 4109 900 4169 sui
923 4109 1018 4188 ipsius
1037 4112 1238 4176 consciamab
1261 4118 1351 4180 altera

227 4218 418 4279 determinari
441 4236 536 4297 eoque
558 4218 760 4298 imperfectam
783 4216 847 4276 lieri
870 4235 925 4277 uos
947 4218 1071 4293 doceut3
1106 4221 1252 4303 siqnidem
1276 4228 1353 4289 inter
1449 4210 1452 4220 ¹

227 4327 309 4407 ipsos
332 4325 469 4388 homines
499 4325 569 4387 varii
599 4326 733 4387 internae
763 4323 952 4401 perfectionis
981 4326 1091 4406 gradus
1113 4334 1302 4411 reperiantur
1325 4347 1353 4400 et
