3260 5058
644 467 967 537 „83-

248 650 374 712 stentiae
396 667 527 726 sensum,
552 649 604 729 qui
627 649 705 712 sicut
726 649 853 713 vidimus
870 669 989 712 omnem
1001 650 1216 715 dubitationem
1239 658 1368 730 superat,

248 760 326 822 hanc
348 777 466 839 quoque
495 759 780 821 animadversionem
809 760 1006 822 indubitatam
1030 779 1129 842 pono:
1173 761 1236 841 Ego
1257 777 1318 822 non
1339 759 1371 821 id

248 870 338 931 modo
368 887 435 931 sum
464 868 543 948 quod
573 868 650 930 clare
679 869 716 930 de
745 887 793 930 me
822 887 985 950 cognosco,
1020 871 1081 934 sive
1110 870 1191 950 quod
1212 870 1291 932 idem
1313 876 1368 944 est,

248 978 285 1040 ad
319 979 521 1040 exsistentiam
553 997 649 1040 meam
681 978 767 1058 plura
797 979 947 1060 pertinent
969 998 1058 1060 quam
1080 998 1208 1060 quorum
1230 979 1370 1042 conscius

249 1089 322 1150 mihi
352 1108 419 1150 sum
449 1107 583 1168 quaeque
612 1089 648 1149 de
677 1107 726 1150 me
756 1107 902 1168 cognosco
931 1107 986 1169 per
1014 1107 1047 1150 se
1073 1089 1136 1170 ipsa
1166 1089 1319 1169 amplioris
1341 1095 1371 1150 et

249 1199 451 1278 explicationis
474 1206 504 1260 et
525 1197 744 1278 perspicuitatis
771 1206 800 1259 et
822 1198 999 1278 integritatis
1021 1217 1110 1278 quam
1133 1217 1210 1280 quae
1232 1196 1370 1277 equidem

248 1308 285 1368 iis
306 1309 438 1370 tribuere
460 1309 570 1370 valeam
601 1308 717 1388 capacia
747 1316 827 1372 sunt.
874 1308 955 1380 Quae
978 1308 1099 1389 quidem
1121 1309 1287 1370 observatio
1308 1325 1369 1368 non

246 1417 346 1478 minus
376 1437 510 1480 summae
544 1418 706 1480 evidentiae
739 1417 812 1479 mini
845 1437 911 1480 esse
942 1418 1069 1480 videtur.
1115 1418 1214 1490 Quum
1237 1417 1370 1479 animad-

245 1527 340 1588 versio
363 1528 403 1588 sit
424 1527 576 1588 interioris
598 1527 656 1587 mei
680 1545 804 1601 sensus,
828 1527 978 1606 propriam
1000 1545 1084 1589 suam
1107 1527 1196 1588 habet
1217 1527 1370 1588 veritatem

246 1655 398 1716 quumque
420 1637 501 1716 quod
530 1636 636 1696 attinet
657 1634 693 1696 ad
716 1653 764 1695 me
786 1635 885 1714 ipsum
914 1635 1070 1714 proprium
1092 1653 1193 1698 meum
1214 1636 1277 1714 Ego
1299 1635 1370 1696 sub-

243 1744 358 1824 jectum
388 1763 507 1824 quoque
540 1743 752 1823 cogitationum
787 1743 827 1804 sit
855 1743 929 1808 mihi
958 1743 1016 1823 ipsi
1045 1762 1166 1822 quoque
1199 1743 1370 1805 immediate

247 1854 398 1932 cognitum
431 1854 511 1915 volut
543 1853 746 1933 praedicatum
779 1852 870 1914 tribui
903 1860 1010 1932 potest.
1057 1853 1144 1926 Quod
1177 1871 1237 1916 non
1270 1853 1370 1914 omnia

247 1963 309 2023 scio
335 1982 411 2042 quae
440 1964 476 2024 ad
507 1963 708 2024 exsistentiam
737 1981 834 2024 meam
862 1961 1013 2042 pertinent
1041 1963 1122 2024 lraus
1152 1981 1295 2024 sensuum
1324 1963 1370 2025 vel

246 2071 381 2153 deceptio
404 2092 470 2134 esse
493 2073 614 2152 nequit;
648 2073 745 2153 primo
768 2071 847 2136 enim
870 2073 965 2134 ullum
988 2073 1070 2135 intus
1092 2073 1244 2154 cognitum
1266 2074 1298 2134 in
1320 2093 1370 2134 ex·

244 2188 362 2243 ternum
386 2183 534 2264 objectum
564 2201 625 2244 non
654 2185 879 2259 transierimus;
914 2183 990 2246 ullas
1019 2183 1098 2244 inter
1126 2201 1158 2244 se
1185 2183 1369 2246 diversorum

244 2312 387 2355 sensuum
410 2294 579 2355 affectiones
602 2293 782 2374 conjungere
804 2295 960 2370 notumne,
986 2313 1020 2356 ex
1043 2293 1162 2374 saepius
1184 2295 1261 2356 iacto
1284 2293 1369 2354 rede-

243 2411 346 2464 untem
369 2422 486 2482 semper
507 2411 646 2464 eventum
669 2405 845 2465 concludere
868 2404 898 2464 in
918 2405 1017 2466 animo
1035 2422 1097 2464 non
1112 2404 1269 2478 habemus,
1293 2421 1369 2483 quae

243 2512 342 2570 omnia
365 2529 507 2572 sensuum
530 2511 682 2572 mendacia
703 2513 895 2590 progignunt,
920 2519 950 2571 et
971 2519 1035 2572 tum
1051 2512 1125 2573 haec
1146 2513 1211 2590 ipsa
1233 2512 1372 2592 deceptio

244 2618 395 2696 probaret,
420 2636 475 2676 nos
497 2635 514 2676 a
535 2617 685 2678 nobismet
705 2618 779 2697 ipsis
794 2636 855 2676 non
874 2625 954 2694 recte
973 2619 1111 2696 cognosci
1131 2620 1264 2698 adeoque
1282 2620 1368 2700 plura

244 2745 312 2786 vere
334 2725 421 2786 nohis
445 2727 553 2800 inesse,
578 2744 706 2804 quorum
729 2726 786 2806 ipsi
809 2726 896 2787 nobis
918 2727 1030 2788 conscii
1052 2745 1112 2788 non
1136 2747 1250 2789 sumus,
1296 2729 1368 2790 Pro·

244 2837 321 2897 secto
344 2855 441 2916 neque
464 2854 571 2916 corpus
593 2854 690 2915 neque
712 2835 811 2898 anima
833 2844 934 2900 nostra
958 2836 1100 2900 exsistere
1121 2845 1260 2919 possent,
1290 2837 1315 2900 si
1338 2838 1368 2900 id

242 2947 332 3007 modo
355 2955 465 3022 essent,
491 2946 570 3026 quod
593 2946 732 3010 distincte
755 2949 791 3009 de
813 2948 850 3010 iis
873 2948 1076 3030 intelligimus.
1115 2949 1181 3011 lam
1205 2949 1282 3026 dico,
1307 2967 1367 3010 non

242 3075 346 3117 omnes
368 3057 464 3119 solum
485 3076 537 3126 res
558 3056 717 3137 possibiles
740 3065 773 3120 ut
795 3058 971 3138 possibiles,
1006 3059 1058 3120 sed
1081 3077 1186 3120 omnes
1208 3059 1296 3122 etiam
1319 3077 1367 3122 res

241 3185 309 3226 vere
332 3167 506 3227 exsistentes
529 3175 563 3227 ut
584 3168 759 3228 exsistentes
781 3167 818 3227 ab
841 3176 909 3228 onte
929 3166 1057 3246 quodam
1077 3169 1226 3248 cogitante
1242 3167 1366 3246 intelligi

243 3273 362 3334 debere.
409 3275 490 3345 Quae
520 3277 636 3336 nullum
659 3295 713 3337 ens
743 3276 875 3354 cogitans
905 3283 1057 3357 umquam
1083 3276 1237 3357 possibilia
1260 3277 1367 3354 cogitat

242 3399 275 3441 re
293 3400 360 3441 vera
372 3383 525 3461 possibilia
538 3401 597 3443 non
610 3393 681 3444 sunt
692 3403 789 3462 neque
808 3385 882 3445 adeo
902 3404 1010 3464 quaea
1030 3386 1112 3448 nullo
1134 3394 1202 3447 ente
1221 3387 1367 3465 cogitante

244 3497 395 3569 umquam
416 3510 448 3551 re
466 3510 536 3558 vera
555 3493 724 3554 exsistentia
744 3493 911 3572 cogitantur
928 3513 961 3556 re
979 3515 1045 3557 vera
1065 3495 1206 3558 exsistere
1226 3504 1364 3575 possunt.

243 3599 320 3660 Hinc
341 3600 492 3662 evidenter
514 3602 662 3682 sequitur,
698 3603 799 3682 quod
834 3622 902 3665 ens
935 3605 1128 3684 quoddam
1161 3605 1366 3668 exsistere

243 3708 400 3783 debeat,
446 3712 550 3790 quod
583 3730 841 3793 quaecunque
870 3713 915 3774 ad
945 3715 1224 3778 exsistentiam
1247 3736 1363 3779 meam

242 3819 449 3899 pertinent
470 3820 801 3900 distinctissime,
826 3823 1069 3900 clarissime,
1093 3827 1364 3905 perfectissime

242 3928 320 3990 sibi
343 3938 634 4008 repraesentat.
671 3932 775 3992 Omnis
794 3933 962 3994 intellectus
980 3933 1171 4014 imperfectus
1187 3955 1248 3996 non
1265 3937 1364 3997 omnia

242 4039 418 4114 contineret,
443 4058 518 4119 quae
540 4040 576 4100 ad
601 4059 697 4100 veram
720 4060 816 4104 meam
838 4041 1211 4123 exsistentiampertinent.
1247 4045 1364 4107 Nullius

242 4148 363 4209 omnino
393 4149 471 4210 eutis
499 4149 699 4228 contingentis
728 4149 773 4210 vel
802 4149 967 4229 imperfecti
998 4171 1096 4231 neque
1118 4153 1252 4214 omnium
1275 4154 1364 4216 simul

242 4257 355 4318 entium
367 4259 620 4338 imperfectorum,
645 4277 824 4338 quamquam
844 4278 946 4320 eorum
966 4280 1108 4322 numerus
1130 4262 1263 4324 infinitus
1286 4273 1363 4326 esset

242 4367 409 4430 intellectus
431 4369 598 4444 sufficeret,
633 4377 666 4430 ut
696 4368 756 4430 sive
786 4387 881 4431 meam
904 4370 1074 4451 qualitatem
1104 4371 1164 4432 sive
1185 4372 1277 4434 ullam
1300 4393 1362 4436 om-

1161 4471 1194 4522 6,
