3236 5076
695 409 1018 482 „gg-.-

293 595 480 676 majorem
506 601 544 656 et
571 593 776 656 meliorem
806 592 974 656 omnium
1004 609 1102 672 quae
1128 601 1219 654 suut
1240 609 1327 652 esse
1348 607 1419 652 na·

294 714 438 782 turam,
470 712 503 766 ut
523 723 559 766 ox
581 705 638 766 ltoc
659 704 717 767 clia
743 703 806 784 jam
828 703 978 783 possimus
1004 701 1104 764 omnia
1127 701 1272 782 probare,
1306 701 1419 780 quibus

293 833 417 878 necesse
438 823 485 878 est
506 815 590 890 illud,
614 813 695 895 quod
719 813 816 894 majus
837 821 867 874 et
889 811 997 876 melius
1011 820 1058 874 est
1074 811 1215 874 omnibus
1231 829 1417 872 noncarere.

294 925 370 990 Nom
391 924 418 987 si
440 943 500 986 non
523 933 622 1006 potest
642 923 766 1004 cogitari
788 941 849 984 nou
871 920 1038 996 osselleus,
1063 940 1118 984 cur
1139 931 1242 982 contra
1260 930 1420 1000 negantem

294 1043 325 1098 et
345 1034 548 1110 dubitantem,
576 1034 657 1114 quod
679 1033 720 1095 sit
740 1031 838 1112 aliqua
862 1031 928 1094 talis
949 1040 1054 1094 natura
1077 1039 1138 1092 toto
1160 1031 1233 1092 ltaec
1255 1030 1420 1110 disputatio

293 1153 425 1208 assumta
448 1141 516 1206 esti
550 1143 650 1216 Quum
672 1150 771 1206 autem
794 1143 920 1218 dicitur,
955 1140 1057 1221 quod
1086 1158 1231 1202 summa
1253 1158 1316 1202 res
1338 1139 1419 1202 ista

294 1273 370 1316 non
400 1271 485 1314 esse
515 1261 687 1332 nequeat
715 1251 886 1332 cogitari
915 1251 1024 1314 melius
1053 1251 1203 1312 diceretur
1231 1249 1312 1330 quod
1341 1268 1418 1310 non

295 1381 381 1426 esse
403 1362 564 1426 autetiam
586 1381 702 1443 posse
724 1381 797 1424 non
821 1381 907 1424 esse
930 1369 1099 1441 nequeat
1120 1359 1314 1440 intelligi.
1341 1360 1419 1422 Nam

295 1473 395 1536 talsa
418 1480 571 1552 nequeunt
599 1472 781 1553 intelligi
811 1491 886 1552 quoe
908 1479 1036 1552 possunt
1058 1469 1160 1551 utique
1182 1489 1218 1532 eo
1241 1471 1329 1532 modo
1352 1488 1421 1530 co-

294 1582 434 1664 gitari,
470 1601 530 1662 quo
553 1581 647 1644 ileum
677 1601 738 1644 nou
768 1601 833 1644 esse
856 1582 1000 1662 insipiens
1030 1581 1177 1660 cogitavit.
1225 1580 1420 1660 Respondere

295 1693 420 1756 lorsitan
442 1699 551 1774 potest,
575 1693 656 1773 quod
679 1693 736 1754 hoo
754 1693 816 1774 jam
833 1711 898 1754 esse
914 1691 1024 1754 dicitur
1045 1689 1084 1750 in
1108 1688 1317 1752 intellectu
1340 1707 1420 1750 meo

296 1823 355 1866 uon
379 1803 418 1865 ob
440 1801 521 1866 aliud
544 1803 603 1864 nisi
626 1803 695 1883 quia
719 1804 748 1864 ld
771 1803 850 1884 qnod
874 1803 983 1864 dicitur
1004 1800 1206 1880 intelligo.
1239 1799 1298 1862 Sed
1317 1818 1420 1862 nonne

296 1921 327 1974 et
349 1931 545 1994 quaecunque
576 1913 675 1974 lalsa
707 1922 736 1974 et
759 1913 841 1974 nullu
870 1914 959 1974 modo
981 1912 1012 1973 in
1035 1931 1067 1974 se
1089 1911 1163 1992 ipsis
1186 1911 1355 1972 exsistentia
1378 1910 1418 1972 in

295 2021 512 2084 intellectu
540 2021 687 2084 habere
719 2023 777 2082 dici
808 2039 948 2101 possum,
983 2041 1076 2101 quum
1106 2039 1140 2082 ca
1170 2020 1287 2082 dicente
1315 2020 1417 2098 aliquo

296 2149 500 2211 quaecumque
529 2131 580 2194 ille
609 2130 720 2192 diceret
748 2129 967 2210 intelligerem?
1010 2131 1073 2192 Nisi
1103 2131 1178 2192 torte
1209 2130 1286 2192 tale
1315 2129 1420 2192 illud

296 2258 385 2302 essa
406 2247 539 2311 constat,
571 2248 701 2302 utnon
724 2239 856 2301 eodem
880 2240 990 2300 modo
1013 2258 1072 2319 quo
1099 2240 1200 2302 salsa
1223 2257 1419 2319 quaecunque

296 2349 342 2410 vel
371 2347 490 2412 dubia
520 2348 658 2410 ltaberi
688 2348 820 2428 possit
848 2347 887 2410 in
923 2348 1171 2428 cogitatione
1201 2357 1231 2410 et
1258 2349 1327 2410 ideo
1356 2367 1418 2410 nou

297 2459 381 2522 dicor
402 2457 477 2520 illud
499 2457 635 2520 auditum
665 2457 841 2538 cogitare
863 2457 909 2521 vel
930 2457 968 2520 in
998 2458 1250 2538 cogitatione
1272 2459 1418 2520 habere

297 2568 350 2630 sed
378 2566 616 2649 intelligere
645 2567 691 2630 vel
713 2567 752 2630 in
775 2567 989 2630 intellectu
1013 2569 1176 2643 habere,
1211 2568 1280 2648 quia
1303 2569 1419 2630 scilicet

297 2680 354 2742 hoc
385 2697 444 2740 non
475 2697 599 2760 possum
631 2679 716 2740 aliter
745 2679 874 2758 cogitare
904 2699 991 2759 quarn
1022 2678 1290 2758 intelligendo
1319 2679 1420 2740 idest

296 2789 470 2850 scientia
500 2787 872 2866 comprehendendo
902 2808 942 2850 re
972 2789 1056 2868 ipsa
1080 2789 1182 2850 illud
1205 2789 1416 2850 exsistere.

296 2899 362 2960 Non
385 2897 435 2956 hio
457 2897 513 2956 erit
541 2895 623 2956 aliud
646 2896 784 2973 idemque
814 2904 946 2975 temporo
969 2899 1149 2976 praecedens
1170 2898 1316 2960 habere
1338 2917 1418 2960 rem

297 3007 335 3068 in
357 3005 573 3067 intellectu
603 3012 632 3065 et
653 3004 733 3066 aliud
757 3005 898 3083 idemque
927 3013 1061 3085 tempore
1084 3007 1270 3087 subsequens
1294 3007 1418 3068 intel-

297 3116 423 3195 ligere
445 3133 518 3178 rem
543 3133 646 3190 esse,
675 3122 709 3176 ut
730 3115 763 3176 tit
785 3115 821 3176 de
843 3115 968 3194 pictura,
993 3135 1069 3195 quae
1092 3117 1176 3196 prius
1196 3125 1243 3178 est
1264 3117 1295 3178 in
1317 3118 1417 3178 animo

297 3227 445 3308 pictorum
468 3227 576 3290 deinde
592 3226 622 3288 in
640 3244 741 3306 opere.
776 3225 841 3288 lluo
862 3226 976 3288 accedit
996 3227 1076 3288 aliud
1099 3227 1167 3307 quia
1191 3227 1303 3290 scilicet
1325 3227 1418 3288 illud

297 3337 480 3405 omnibus
509 3355 609 3418 quae
637 3337 810 3417 cogitari
840 3345 1008 3418 possunt
1036 3337 1157 3418 majus
1186 3345 1245 3398 tam
1277 3356 1331 3417 ego
1354 3355 1418 3398 se-

297 3446 464 3508 cundum
486 3465 564 3508 rem
587 3447 645 3508 vel
668 3466 710 3508 ex
732 3447 864 3525 specie
886 3447 981 3508 mihi
1003 3447 1061 3508 vel
1083 3467 1122 3508 ex
1145 3465 1275 3526 genere
1295 3455 1417 3508 notam

297 3554 475 3632 cogitare
515 3555 688 3616 auditum
728 3554 789 3614 vel
828 3555 867 3615 in
907 3556 1124 3618 intellectu
1163 3556 1309 3618 haltere
1341 3575 1417 3618 nou

297 3680 456 3744 possum
489 3679 577 3740 quam
610 3680 666 3722 nec
699 3661 825 3740 ipsum
859 3663 990 3738 neum,
1032 3682 1121 3742 quem
1154 3665 1257 3745 utique
1289 3665 1327 3727 ad
1359 3666 1417 3726 hoc

297 3773 396 3853 ipsum
426 3770 591 3850 respiciens
620 3771 708 3832 etiam
738 3789 798 3832 uon
829 3789 895 3832 esse
925 3771 1053 3851 cogitare
1074 3793 1207 3854 possum.
1254 3777 1314 3838 Nec
1336 3776 1416 3838 enim

297 3890 349 3946 aul
370 3899 433 3944 rem
456 3880 551 3960 ipsam
573 3899 649 3960 quae
672 3880 751 3942 neus
781 3889 827 3940 est
847 3882 914 3942 novi
936 3890 988 3944 aut
1008 3883 1103 3963 ipsam
1126 3885 1272 3965 conjicere
1293 3903 1416 3966 possum

297 4011 334 4057 ux
362 3990 417 4053 alia
449 3989 557 4063 simili,
599 3990 841 4071 quandoquidem
871 3999 901 4052 et
930 3999 961 4054 tu
990 3994 1079 4056 talem
1107 3995 1217 4058 asseris
1243 3996 1341 4071 illam,
1383 4003 1417 4058 ul

298 4119 445 4164 essenon
469 4099 565 4180 possit
587 4100 684 4162 simile
713 4099 887 4180 quidquam.
932 4103 994 4165 Nec
1016 4104 1058 4166 sic
1080 4105 1187 4184 igitur,
1222 4112 1255 4166 ut
1275 4105 1416 4166 haberem

299 4211 405 4274 lalsum
435 4209 515 4272 istud
545 4210 576 4271 in
606 4209 759 4272 intellectu
789 4211 834 4272 vel
863 4211 893 4274 in
925 4213 1120 4293 cogitatione,
1155 4213 1264 4276 hahere
1293 4234 1415 4296 possum

299 4320 382 4397 llud,
419 4320 445 4384 si
467 4319 556 4385 audio
579 4320 640 4382 dici
660 4320 762 4384 Deus
790 4334 841 4384 aut
869 4323 1028 4404 aliquid
1056 4323 1240 4388 omuibus
1269 4324 1413 4404 majus,
