3236 5076
620 471 942 579 -4g--

218 654 387 742 telligamus
410 671 476 716 esse
498 672 587 732 quam
611 652 737 716 maxime
756 651 969 732 positivam
993 667 1054 711 oon
1078 657 1177 712 tamen
1200 647 1257 710 nisi
1281 667 1345 710 ne·

219 765 352 844 gatiro
374 765 537 844 quodam
560 764 671 826 modo
694 762 908 842 intelligimus,
939 780 974 822 ex
996 761 1053 822 lroc
1075 759 1190 822 scilicet
1210 759 1290 838 quod
1313 759 1342 822 in

220 894 253 935 re
276 874 388 936 nullam
401 874 610 936 limitationem
621 873 826 948 advertamus3
858 871 952 952 ipsam
975 888 1044 932 vero
1067 889 1143 932 rem
1166 887 1262 949 quae
1286 875 1345 930 est

220 984 381 1050 infinito
405 983 577 1063 positive
600 983 721 1063 quidem
741 981 946 1060 intelligimus,
971 980 1103 1042 sednon
1126 979 1344 1057 adaequate

219 1095 278 1156 hoc
300 1101 425 1156 estnon
448 1103 543 1156 totum
566 1093 645 1174 quod
669 1093 700 1154 in
724 1112 757 1154 ea
781 1090 967 1170 intelligibile
990 1099 1036 1151 est
1051 1089 1341 1172 comprehendimus.

220 1205 316 1269 Simili
347 1205 461 1270 ratione
488 1205 581 1268 ileum
615 1204 652 1266 ab
682 1205 810 1266 humana
842 1211 941 1264 mente
970 1203 1034 1284 capi
1066 1221 1125 1264 nou
1157 1219 1245 1282 posse
1275 1219 1342 1262 cum

220 1315 358 1378 omnibus
392 1315 538 1395 theologis
572 1315 704 1376 concedo
738 1323 767 1376 et
800 1333 837 1376 ne
871 1313 1067 1376 distincte
1100 1311 1221 1392 quidem
1255 1329 1343 1390 posse

218 1426 359 1506 cognosci
383 1426 420 1488 ab
443 1427 498 1502 iis,
534 1426 586 1504 qui
615 1433 712 1486 totum
742 1423 832 1486 simul
862 1432 1008 1486 ccoaotur
1038 1421 1193 1504 complecti
1218 1429 1247 1482 et
1270 1429 1344 1482 uru-

215 1556 306 1616 qoom
330 1530 352 1597 e'
369 1537 532 1616 longinquo
556 1535 732 1615 respiciunt.
761 1535 818 1606 Qui
835 1543 932 1596 aulem
949 1534 985 1596 ad
998 1532 1130 1612 singulas
1146 1531 1344 1611 perfectiones

216 1647 380 1711 adtendere
410 1647 536 1725 illasque
565 1665 625 1706 non
656 1654 716 1706 tam
746 1663 852 1724 capere
880 1661 969 1722 quam
999 1643 1035 1704 ab
1063 1643 1136 1722 ipsis
1158 1641 1223 1721 capi
1246 1649 1275 1702 et
1297 1640 1344 1700 in-

218 1756 359 1818 tellectus
378 1756 427 1817 sui
449 1755 527 1816 uires
549 1773 653 1815 omnes
675 1754 706 1814 in
729 1753 766 1813 iis
778 1751 1014 1831 contemplandis
1026 1769 1171 1830 occupare
1186 1757 1343 1822 currantur,

221 1864 265 1926 illi
289 1865 421 1942 profecto
444 1863 539 1924 mullo
567 1863 742 1942 ampliorem
772 1861 995 1942 facilioremque
1023 1860 1176 1922 materiam
1199 1859 1294 1922 clarae
1317 1865 1347 1920 et

224 1973 381 2034 distinctae
415 1973 592 2052 cognitionis
625 1973 655 2036 iu
691 1992 725 2034 eo
758 1971 931 2048 inveniunt,
966 1990 1055 2052 (poem
1089 1969 1118 2032 io
1153 1969 1222 2032 ullis
1256 1968 1345 2032 rebus

223 2083 339 2144 creatis.
396 2083 460 2162 Ego
493 2091 591 2144 autem
626 2082 677 2146 ubi
710 2083 769 2146 dixi
794 2082 905 2144 fleunr
940 2087 1046 2144 clare
1080 2089 1117 2144 et
1149 2079 1344 2142 distincte

220 2192 413 2272 cognosci
435 2213 549 2272 posse
571 2192 701 2254 nonnisi
724 2193 768 2254 do
790 2191 998 2254 hacfinita
1022 2191 1123 2252 etad
1147 2189 1343 2254 modulum

218 2303 373 2383 ingenii
396 2303 519 2364 nostri
541 2303 834 2366 accommodata
857 2301 1090 2382 cognitione
1112 2299 1254 2362 intellexi.
1286 2300 1343 2362 Ne·
1449 2368 1452 2376 ¹

218 2433 278 2494 que
300 2415 378 2476 euim
400 2415 437 2476 ad
461 2414 613 2478 ueritatem
636 2433 739 2478 eorum
762 2433 839 2493 quae
854 2415 968 2476 asserui
984 2413 1071 2475 aliter
1085 2411 1251 2491 intelligere
1268 2429 1343 2490 opus

219 2523 285 2597 fuit,
309 2530 342 2584 ut
363 2522 448 2584 facile
470 2523 625 2602 apparebit
646 2525 671 2584 si
693 2524 880 2597 advertatur,
915 2522 1033 2584 duobus
1063 2529 1178 2584 tantum
1207 2521 1238 2582 io
1269 2519 1343 2582 locis

221 2651 270 2692 me
291 2632 350 2690 hoc
370 2631 496 2706 dixisse;
522 2651 628 2711 nempe
652 2631 704 2714 ubi
725 2631 860 2711 quaestio
883 2639 960 2705 erat,
992 2639 1090 2694 utrum
1113 2630 1143 2692 iu
1166 2631 1231 2692 idco
1254 2651 1343 2710 quam

223 2741 387 2802 formamus
415 2741 536 2804 defleo
569 2741 723 2820 aliquid
757 2741 865 2802 reale
899 2741 942 2802 rel
976 2741 1059 2802 sola
1093 2741 1148 2802 rei
1182 2741 1343 2822 negatio

220 2851 426 2926 contineatur,
462 2858 496 2912 ut
517 2852 592 2914 forte
621 2851 651 2912 in
675 2851 739 2914 idea
763 2852 882 2931 frigoris
912 2851 987 2912 oilril
1008 2851 1089 2914 aliud
1113 2861 1159 2914 est
1179 2871 1268 2932 quam
1292 2872 1344 2916 ne·

218 2962 296 3041 gotio
326 2960 450 3035 caloris,
482 2961 599 3040 quade
623 2962 796 3026 renullnm
824 2962 947 3024 dubium
978 2981 1043 3024 esse
1074 2971 1188 3043 potest;
1234 2972 1263 3024 et
1292 2963 1342 3026 ulri

189 3073 332 3135 asserui
356 3072 635 3134 exsistentiam
662 3073 704 3135 ad
733 3073 927 3136 notionem
955 3073 1061 3136 entis
1084 3093 1229 3136 summe
1252 3093 1341 3154 per-

220 3183 303 3244 fecti
326 3202 396 3246 oon
418 3183 535 3245 minus
556 3183 739 3263 pertinere
762 3203 862 3264 quam
883 3185 950 3246 tria
969 3185 1081 3246 latera
1100 3185 1141 3248 ad
1161 3186 1342 3248 notionem

222 3293 433 3370 trianguli,
458 3293 536 3371 quod
561 3294 648 3354 etiam
671 3305 770 3372 polest
791 3293 902 3373 absque
924 3296 1086 3375 adaequata
1102 3295 1155 3358 [lei
1174 3296 1342 3376 cognitione

221 3401 357 3482 intelligi.
393 3403 514 3464 Coufert
532 3389 703 3466 hic'rursus
716 3424 807 3466 unum
824 3425 858 3466 ex
874 3407 946 3470 meis
964 3409 1147 3488 argumentis
1159 3429 1225 3471 cum
1237 3409 1296 3472 alio
1307 3429 1342 3470 ex

222 3511 256 3572 St
278 3513 417 3574 'flroma
442 3522 474 3574 ut
493 3533 539 3576 me
559 3513 647 3574 veluti
668 3523 752 3594 cogat
770 3517 936 3592 ostendere,
962 3538 1038 3597 quae
1056 3519 1151 3600 major
1169 3520 1212 3580 vis
1231 3519 1261 3580 iu
1281 3537 1341 3582 uuo

221 3641 311 3700 quam
331 3622 363 3692 in
380 3623 474 3686 altero
494 3625 676 3704 reperiatur,
700 3633 788 3706 atque
808 3627 865 3690 hcc
890 3621 1074 3692 videor'sine
1099 3651 1201 3710 magua
1230 3630 1340 3693 invidia

221 3733 317 3803 facere
335 3753 432 3812 posse,
457 3735 524 3815 quia
547 3753 603 3796 nec
622 3737 652 3798 S.
674 3737 836 3799 Thomas
859 3749 1033 3818 argumento
1051 3740 1102 3802 lllo
1122 3761 1194 3803 usus
1211 3750 1256 3802 est
1268 3751 1341 3805 torn·

220 3861 308 3922 quom
321 3862 386 3919 suo,
405 3863 459 3906 nec
471 3846 548 3908 ielem
559 3846 711 3908 concludit
722 3849 800 3927 qnod
814 3867 913 3910 meum
927 3869 982 3912 uec
994 3851 1122 3929 denique
1135 3851 1192 3914 ulla
1206 3851 1253 3910 liic
1266 3851 1294 3912 in
1308 3869 1340 3912 re

218 3951 255 4014 ab
288 3953 428 4032 Angelico
463 3955 583 4016 doctore
624 3956 778 4020 dissentio.
829 3958 989 4030 eraeritur
1022 3960 1099 4024 enim
1133 3960 1170 4024 ub
1202 3961 1269 4040 ipso
1301 3981 1338 4022 an

218 4061 333 4126 licum
366 4083 452 4128 esse
486 4065 541 4126 sit
572 4085 637 4146 per
666 4087 706 4128 se
737 4078 866 4130 notum
889 4070 1104 4132 secundum
1128 4089 1214 4144 uos,
1260 4071 1339 4152 quod

218 4181 318 4250 negat,
354 4182 383 4235 et
411 4177 527 4238 merito.
581 4179 792 4254 Argumentum
829 4185 929 4240 autem
966 4181 1045 4257 quod
1073 4180 1131 4242 sibi
1168 4181 1270 4261 objicit
1299 4183 1338 4244 ita

218 4289 316 4360 potest
337 4285 481 4363 proponi:
516 4285 730 4348 intellecto
752 4286 847 4366 quid
877 4289 1088 4367 significet
1111 4290 1179 4353 lroc
1201 4311 1336 4354 riorneu

219 4391 321 4454 lleus
344 4393 597 4474 intelligitur
619 4396 655 4458 id
679 4415 750 4475 quo
774 4397 898 4476 majus
920 4398 1152 4478 significari
1176 4419 1251 4462 nou
1274 4421 1338 4480 po7
