3260 5058
234 631 371 712 possint,
394 632 446 695 sed
470 649 574 694 ornnes
596 630 696 710 potius
717 630 851 710 ipsarum
872 629 1051 695 mutationes
1074 638 1102 696 ot
1124 629 1298 694 discrimina
1317 629 1354 694 ab

233 743 359 806 internis
381 741 572 823 qualitatibus
594 741 754 822 procedere
768 739 904 815 debeant,
929 740 1091 819 uuicuique
1102 741 1223 804 monadi
1234 740 1354 820 propria

234 853 376 933 competit
403 853 554 933 perceptio
583 852 645 914 sive
674 851 905 930 repraesentatio
943 851 1142 914 multitudinis
1172 851 1354 914 diversarum

234 964 394 1026 monadum
417 964 447 1024 in
471 963 583 1024 unitate
606 981 659 1023 seu
681 960 845 1023 substantia
869 961 1014 1040 simplici,
1046 979 1122 1040 quac
1145 960 1264 1040 quidem
1287 980 1354 1041 per·

234 1075 329 1153 ceptio
352 1074 396 1134 vel
418 1074 494 1135 clara
518 1072 716 1152 distinctaque
738 1072 783 1134 rel
806 1071 931 1132 obscura
955 1079 984 1132 et
1009 1059 1131 1134 confusa
1152 1089 1217 1132 esse
1245 1078 1351 1150 potest.

234 1183 365 1246 Obscura
389 1192 434 1246 est
455 1184 623 1264 perceptio,
658 1201 733 1263 quae
763 1182 800 1244 ad
829 1181 1065 1261 cognoscendam
1095 1200 1158 1243 rem
1185 1188 1353 1262 perceptam

234 1312 294 1356 non
317 1295 435 1370 sufficit,
459 1294 538 1356 clara
560 1302 677 1368 autern,
703 1312 778 1374 quae
801 1311 862 1355 rem
886 1299 1055 1372 perceptam
1077 1309 1257 1371 cognoscere
1278 1290 1355 1352 valet

232 1412 262 1466 et
282 1405 355 1466 baec
376 1404 497 1484 quidem
520 1424 555 1466 eo
578 1405 667 1466 modo
690 1403 827 1464 distincta
849 1401 893 1464 rel
918 1403 1039 1464 conlusa
1062 1411 1117 1478 ast,
1141 1421 1200 1482 quo
1217 1401 1354 1464 notiones

231 1535 305 1596 quae
328 1515 366 1578 ad
391 1533 452 1576 rem
475 1515 609 1594 aliquam
638 1514 877 1594 distinguendam
905 1513 1055 1591 pertinent
1083 1511 1255 1592 singillatim
1279 1531 1354 1574 enu-

230 1625 338 1686 merari
368 1633 494 1704 possunt
522 1625 568 1684 vel
597 1631 760 1702 nequeunt.
814 1623 942 1684 Confusa
972 1623 1063 1700 igitur
1092 1623 1245 1701 perceptio
1278 1621 1354 1682 nibil

229 1736 312 1798 aliud
335 1741 381 1794 est
402 1751 491 1812 quam
514 1733 593 1811 quod
623 1732 769 1792 infinitam
799 1731 1019 1794 multitudinem
1042 1731 1072 1791 in
1097 1721 1260 1792 substantia
1283 1731 1354 1790 sim-

232 1845 303 1924 plici
336 1843 397 1904 sire
432 1843 612 1904 diversarum
643 1842 805 1904 monadum
841 1842 920 1903 inter
948 1861 980 1904 se
1018 1841 1177 1904 relationes
1205 1841 1352 1920 exprimit.

234 1953 346 2014 Omnes
368 1971 474 2034 nempe
496 1953 640 2014 monades
670 1953 822 2014 communi
844 1952 922 2014 inter
944 1971 976 2014 se
1003 1951 1177 2032 conjunctae
1200 1959 1269 2014 sunt
1291 1951 1356 2012 vio·

233 2064 300 2124 calo
322 2063 422 2143 itaque
445 2065 493 2140 or,
522 2069 555 2124 ut
578 2063 709 2143 reliquae
732 2081 835 2124 omnes
857 2063 894 2124 ab
916 2079 1094 2143 unaquaque
1115 2081 1217 2124 aarum
1241 2062 1354 2142 percipi

232 2174 368 2235 debeant.
414 2175 472 2236 Sed
495 2195 587 2256 quum
611 2174 745 2254 singulae
768 2176 910 2236 monades
931 2175 1031 2236 finitae
1052 2182 1142 2254 atque
1164 2173 1354 2253 imperfectae

230 2283 306 2359 sint,
338 2285 521 2364 reliquarum
551 2286 794 2346 monadumnon
818 2285 876 2346 nisi
900 2285 1055 2346 obscuram
1079 2284 1124 2346 rel
1147 2286 1301 2346 contusam
1325 2291 1356 2346 ot

231 2394 369 2456 sensibus
390 2395 553 2476 subjectam
576 2396 686 2458 habere
708 2407 835 2475 possunt
863 2396 1093 2474 perceptionem.
1140 2396 1237 2467 Quare
1260 2413 1353 2474 quum

231 2523 426 2583 unaquaeque
455 2523 560 2566 monos
590 2514 619 2566 et
648 2505 807 2566 essentiam
838 2523 921 2564 suam
953 2505 1065 2564 firritam
1097 2512 1126 2564 et
1155 2505 1353 2566 actualitatem

232 2611 268 2672 ab
291 2611 414 2689 reliquis
436 2612 615 2672 monadibus
644 2611 815 2690 impeditam
847 2629 913 2670 esse
941 2612 1084 2690 percipiat
1110 2613 1183 2672 haee
1204 2613 1268 2691 ipsa
1290 2631 1355 2674 mo·

232 2720 342 2780 uadum
366 2720 444 2780 iuter
474 2739 505 2780 se
529 2720 650 2794 relatio,
686 2729 832 2799 quatenus
854 2719 885 2780 in
908 2739 1085 2798 unaquaque
1107 2740 1209 2782 earum
1232 2723 1354 2784 corilusa

231 2829 381 2910 perceptio
404 2837 450 2891 est
472 2829 635 2896 materia
657 2830 834 2910 appellatur.
879 2831 1097 2910 Apparet-binc,
1122 2833 1354 2912 quodmatoriao

231 2959 348 3020 quoque
378 2951 527 3020 tamquam
558 2942 719 3003 multarum
749 2941 909 3002 monadum
940 2943 1142 3024 conjunctioni
1173 2962 1259 3004 meus
1292 2943 1354 3004 sive

229 3051 274 3112 vis
295 3051 476 3130 percipiendi
500 3052 552 3120 sed
575 3053 697 3114 confusa
722 3059 836 3114 tantum
859 3060 889 3113 et
904 3053 1096 3116 determinata
1117 3054 1215 3114 inesse
1243 3061 1350 3132 potest.

231 3160 293 3221 lloc
315 3161 380 3240 ipso
403 3163 490 3224 modo
517 3163 633 3224 animae
662 3163 810 3224 humanae
836 3182 905 3223 oum
928 3153 1052 3242 corpore
1080 3163 1251 3242 conjunctio
1274 3172 1353 3224 recto

231 3271 409 3349 concipitur.
455 3273 528 3332 Nam
557 3280 588 3332 et
617 3289 725 3351 corpus
754 3273 918 3332 humanum
949 3293 983 3332 ex
1013 3274 1217 3352 compluribus
1238 3281 1354 3336 constat

204 3407 205 3411 ,
232 3379 418 3454 monadibus,
442 3399 567 3458 quarum
598 3399 656 3440 una
679 3399 733 3458 per
753 3381 896 3459 majorem
927 3381 1022 3442 clarae
1052 3389 1080 3442 et
1109 3382 1264 3444 distinctae
1286 3401 1353 3461 per-

231 3487 375 3566 ceptionis
398 3507 468 3550 suae
490 3489 700 3568 perlectionem
718 3507 868 3551 summum
881 3491 964 3568 quasi
981 3491 1058 3552 iuter
1069 3500 1182 3554 ceteras
1194 3492 1353 3571 imperium

231 3597 345 3658 obtinet
367 3606 396 3659 et
417 3617 502 3659 meus
525 3599 653 3660 humana
677 3607 807 3662 vocator.
849 3601 1050 3662 Nihilominus
1072 3619 1175 3664 omues
1199 3604 1350 3678 monades,

231 3725 306 3786 quae
336 3717 380 3768 est
406 3727 506 3770 earum
537 3717 641 3771 nature
672 3710 824 3772 individua
854 3719 976 3772 mouent
1003 3732 1080 3792 quae
1107 3713 1137 3772 in
1169 3733 1202 3774 se
1230 3722 1301 3776 stunt
1323 3721 1352 3774 ct

230 3835 284 3897 per
306 3836 338 3878 se
359 3826 467 3897 agunt,
496 3819 535 3879 ita
558 3827 592 3880 ut
613 3839 668 3882 neo
690 3839 748 3882 una
771 3820 807 3882 ab
830 3821 919 3883 altera
944 3841 987 3882 exi.
1013 3841 1057 3902 gr.
1082 3841 1167 3887 mons
1189 3842 1205 3884 a
1228 3842 1353 3902 corpore

229 3927 275 3988 vel
304 3945 414 4006 corpus
443 3947 457 3988 a
490 3936 587 3990 mente
616 3931 652 3990 ad
683 3931 830 4010 agendum
860 3931 1083 3992 determinetur.
1129 3933 1241 4006 Carisa,
1277 3953 1351 4012 quac

231 4037 366 4098 omniurn
399 4037 560 4098 monadum
592 4038 668 4100 rires
700 4039 830 4102 actuales
863 4041 902 4102 ita
936 4041 1015 4102 iuter
1047 4060 1079 4102 se
1112 4041 1280 4120 conjunxit,
1318 4019 1352 4106 ut

230 4165 348 4208 summo
370 4147 476 4208 ordine
495 4155 524 4208 et
543 4163 690 4208 consensu
709 4158 806 4227 agant,
831 4169 906 4230 quae
925 4151 1034 4212 mentis
1051 4158 1082 4212 et
1103 4151 1239 4230 corporis
1262 4153 1351 4214 talem

231 4255 326 4316 ellecit
369 4257 610 4338 conjunctionem
648 4258 694 4318 vel
734 4259 833 4337 potius
873 4268 1100 4322 consentaneam
1140 4263 1348 4334 actualitatem,

230 4365 327 4445 qualis
359 4375 404 4429 est
437 4368 564 4430 duorum
596 4367 837 4448 horologiorum,
872 4389 946 4450 quae
979 4371 1016 4432 acl
1047 4391 1139 4432 uuam,
1167 4374 1350 4452 eandemque
