3236 5076
532 1341 946 1423 PRAEFATIO.

691 1559 793 1566 ---.—

299 1678 452 1788 lluamvis
466 1721 549 1793 opus
563 1719 628 1766 non
643 1717 717 1766 esse
738 1693 978 1782 existememus,
1006 1701 1042 1764 ut
1055 1691 1135 1764 hdes
1149 1693 1182 1764 in
1197 1693 1301 1764 Deum

183 1817 343 1913 optimum
368 1815 556 1903 maximum,
585 1809 667 1910 quae
694 1812 801 1884 animo
828 1811 971 1882 humano
992 1796 1083 1907 quasi
1104 1811 1213 1882 innata
1240 1820 1301 1900 est,

185 1958 268 2030 quae
302 1933 494 2029 simulatque
527 1957 620 2004 mens
654 1941 764 2003 nostra
798 1930 838 2001 ad
865 1930 1045 2027 suiipsius
1072 1930 1304 2001 conscientiam

182 2052 329 2150 pervenit
356 2064 394 2122 ex
421 2050 607 2122 obscuriore
641 2055 682 2122 ab
713 2049 804 2120 initio
838 2049 936 2120 animi
963 2049 1156 2120 divinatione
1190 2049 1305 2119 clarior

185 2171 288 2242 indies
316 2171 496 2266 certiorque
524 2168 665 2264 cognitio
692 2169 744 2258 fit,
773 2191 855 2264 quae
882 2191 900 2238 a
926 2168 1031 2264 prima
1053 2165 1221 2261 juventute
1246 2190 1306 2264 per

183 2299 333 2387 parentes
361 2314 399 2360 ac
418 2301 646 2386 praeceptores
671 2287 789 2358 teneris
817 2286 1020 2356 alumnorum
1041 2286 1157 2356 animis
1178 2310 1305 2356 summa

185 2417 217 2478 et
236 2408 429 2480 verecundia
448 2417 479 2478 et
500 2407 664 2501 diligentia
685 2405 839 2500 infigitur,
867 2429 949 2501 quae
970 2413 1036 2474 tam
1062 2403 1172 2476 multis
1192 2412 1305 2502 postea

185 2526 291 2597 modis
304 2551 363 2622 per
376 2536 509 2596 naturae
531 2535 657 2596 creatae
676 2523 959 2621 pulchritudinem,
988 2522 1145 2611 ordinem,
1174 2547 1306 2594 accom-

186 2643 349 2714 modatam
378 2643 418 2713 ad
445 2667 609 2714 summum
642 2643 740 2714 linem
767 2642 1006 2740 assequendum
1032 2642 1207 2728 rationem,
1247 2665 1306 2738 per

188 2763 302 2851 varias,
324 2761 441 2858 quibus
465 2761 583 2856 singuli
609 2761 758 2833 homines
786 2771 818 2834 et
837 2786 898 2833 nos
919 2761 981 2858 ipsi
1010 2784 1138 2858 quoque
1159 2759 1307 2830 ducimur

185 2881 268 2952 vitae
301 2880 387 2970 vias,
422 2904 482 2978 per
515 2865 646 2952 omnem
673 2881 805 2952 omnino
839 2880 979 2952 universi
1013 2879 1141 2974 generis
1174 2877 1307 2950 humani

184 2999 352 3071 historiam
379 3001 482 3095 magis
510 2999 679 3097 magisque
707 3000 747 3089 ei,
777 2999 831 3095 qui
858 2999 898 3070 ad
925 2999 1033 3070 omnia
1055 3021 1201 3068 summae
1227 3021 1307 3095 pro-

185 3118 343 3190 videntiae
369 3119 554 3190 testimonia
581 3119 707 3190 sincere
734 3117 878 3188 animum
905 3116 1057 3205 advertit,
1086 3116 1305 3204 confirmatur,

187 3259 268 3328 quae
294 3237 396 3332 probo
424 3237 564 3332 denique
592 3238 674 3308 vitae
701 3237 833 3308 moralis
859 3261 921 3306 usu
948 3235 1224 3330 saluberrimoque
1250 3257 1306 3304 re-

187 3350 316 3443 ligionis
337 3362 433 3446 atque
457 3355 587 3448 pietatis
607 3355 730 3424 influxu
751 3363 914 3450 tamquam
934 3379 1014 3451 pura
1040 3378 1121 3450 quae
1142 3377 1307 3449 nunquam

188 3467 330 3562 extingui
356 3477 462 3565 postet
488 3470 619 3541 llamma
646 3471 750 3560 alitur,
778 3472 1038 3544 conclusionibus
1066 3471 1215 3543 humanis
1243 3471 1328 3556 lul-¹

187 3587 306 3658 ciatur:
336 3587 433 3659 altera
448 3599 555 3659 tamen
579 3597 722 3686 exparte
737 3589 985 3688 haudquaquam
1007 3589 1202 3679 dubitamus,
1230 3589 1307 3686 quin

186 3706 268 3776 ratio
289 3715 411 3794 nostra,
439 3732 521 3804 quae
541 3716 573 3779 et
593 3708 663 3806 ipsa
691 3710 1004 3806 praestantissimum
1025 3718 1158 3780 naturae
1178 3717 1307 3779 nostrae

187 3821 308 3895 donum
336 3825 621 3922 firmissimumque
643 3827 806 3921 dignitatis
828 3851 890 3924 qua
915 3827 1055 3924 reliquas
1081 3851 1194 3898 omnes
1215 3850 1308 3897 crea-

185 3951 274 4014 turas
302 3944 400 4038 longe
428 3968 619 4041 superamus
639 3946 757 4042 pignus
779 3955 829 4017 est
850 3945 944 4016 variis
971 3945 1076 4016 modis
1098 3945 1138 4016 de
1164 3943 1306 4016 numinis

185 4061 300 4151 divini,
335 4063 369 4134 in
396 4063 483 4160 quod
511 4062 672 4136 oredimus
700 4064 886 4136 exsistentia
912 4087 973 4134 nec
1000 4088 1066 4135 non
1092 4063 1132 4134 de
1160 4061 1306 4157 ejusdem

186 4181 339 4274 potentia,
367 4183 524 4279 sapientia
559 4183 727 4254 sanctitate
762 4182 915 4254 certiores
943 4205 1003 4252 nos
1029 4181 1164 4252 reddere
1191 4181 1304 4252 valeat.

188 4295 215 4368 0
243 4296 403 4370 infelicem
430 4325 542 4373 eorum
571 4303 774 4399 opinionem,
815 4301 869 4397 qui
903 4324 1037 4396 prorsus
1071 4299 1208 4370 liberum
1241 4299 1306 4370 illi-

185 4416 397 4513 mitatumque
419 4420 554 4534 rationis
581 4443 676 4492 usum
703 4402 777 4489 fidei
799 4419 909 4514 utique
935 4418 983 4488 vel
1007 4411 1199 4490 christianae
1219 4426 1305 4488 certo
