3260 5058
607 444 930 516 „93-

295 630 339 690 lta
353 628 477 690 llautius
498 635 676 706 argumento
697 645 752 707 pro
767 627 821 690 nei
843 626 1013 690 exsistentia
1037 626 1206 706 antelogico
1228 643 1336 706 magno

212 759 285 802 sane
307 739 445 802 acumine
475 756 542 800 sese
571 745 764 817 opposuerat.
810 737 1010 798 Nihilominus
1040 747 1139 800 tamen
1161 737 1263 816 plures
1284 735 1336 816 qui

215 849 392 928 ceteroquin
414 847 512 910 llautii
542 847 674 910 asseclae
703 855 787 910 erant
809 848 863 910 riri
886 847 1050 910 doctissimi
1073 847 1150 908 hauc
1170 847 1264 926 ipsam
1286 846 1337 908 dc-

214 958 459 1020 muustratiouem
489 957 587 1018 denuo
617 957 777 1020 deleudere
807 965 838 1020 et
873 958 992 1020 firmam
1021 955 1190 1020 studebant.
1235 955 1338 1018 Flebat

214 1069 274 1130 hoc
295 1067 470 1146 praesertim
492 1067 560 1128 inde
582 1065 619 1128 ab
643 1085 678 1128 eo
701 1074 836 1146 tempore
858 1085 918 1145 quo
936 1066 1085 1128 Fichtii
1108 1064 1337 1145 praeclarissimi

216 1176 386 1258 philosophi
417 1176 550 1238 doctrina
580 1176 609 1236 in
642 1176 739 1238 lucem
771 1176 921 1256 prodierat
942 1175 994 1256 qui
1021 1193 1080 1236 uun
1104 1193 1262 1254 personam
1285 1173 1338 1236 eet

217 1305 362 1348 summanr
392 1287 491 1365 potius
521 1286 718 1365 ordinemque
747 1274 846 1366 le'guru
877 1285 1034 1348 moralium
1066 1284 1096 1345 iu
1121 1284 1258 1346 uniuerso
1281 1283 1339 1344 hou

215 1396 327 1460 mundo
350 1396 597 1470 constitutarum,
633 1413 707 1474 quas
730 1396 805 1456 ratio
828 1395 957 1456 humana
987 1394 1133 1474 principio
1155 1413 1191 1456 ac
1218 1393 1338 1473 regulas

214 1505 313 1568 omnis
335 1506 485 1568 efficaciae
514 1525 587 1566 sune
605 1523 676 1566 -esse
706 1504 886 1583 intelligeret
907 1503 1042 1566 absolute
1064 1521 1214 1564 summum
1238 1511 1268 1564 et
1289 1521 1338 1563 ve-

214 1616 269 1678 luti
292 1633 347 1676 ens
377 1615 510 1676 diuinum
528 1601 608 1676 'esse
637 1612 810 1689 dicebat⁴).
862 1613 1010 1676 Adversus
1040 1614 1121 1674 hune
1150 1607 1338 1674 ideelismum

215 1725 271 1786 riri
304 1725 402 1799 docti,
437 1745 566 1803 quorum
597 1725 659 1806 jam
693 1725 857 1786 sententiae
890 1723 1102 1804 proponendae
1136 1723 1223 1784 nobis
1256 1730 1336 1797 sunt,

217 1851 329 1894 numen
352 1825 485 1894 divinum
507 1853 572 1896 esse
595 1845 725 1898 mentem
748 1835 794 1896 sui
818 1834 913 1913 ipsius
936 1834 1084 1896 consciam
1109 1831 1336 1894 contendebant.

219 1941 258 2002 Et
278 1941 375 2021 primo
405 1943 523 2022 quidem
551 1922 733 2008 mentionem
764 1945 813 2006 bic
841 1944 967 2006 lauimus
997 1942 1195 2004 Friderici
1226 1941 1340 2004 Chri·-

220 2051 343 2115 stiani
377 2052 559 2114 Sintenis
592 2054 645 2133 qui
676 2063 765 2116 uatus
794 2053 944 2116 Zerbstiae
978 2052 1009 2114 iu
1043 2051 1116 2112 urbo
1147 2071 1222 2130 quae
1252 2057 1341 2131 eaput

219 2162 369 2240 quondam
399 2162 583 2244 principatus
612 2163 904 2226 Anhaltini-Zerhstii
934 2163 989 2222 luit
1018 2169 1047 2222 et
1075 2161 1112 2222 ud
1142 2161 1339 2240 principatum

216 2279 318 2350 pastea
341 2290 422 2334 nunc
444 2273 582 2334 ducatum
616 2272 961 2336 huhaltinoDessarium
984 2270 1150 2351 pertinebat
1172 2277 1240 2332 ante
1262 2271 1341 2334 diem

217 2391 356 2460 quartum
378 2383 449 2444 ldus
471 2384 591 2446 Martias
620 2384 690 2446 anni
716 2381 798 2446 1750
821 2402 854 2444 ea
877 2382 908 2444 iu
939 2381 1013 2444 urhe
1035 2393 1137 2443 oratur
1157 2401 1174 2444 a
1197 2381 1342 2444 sacris'et

218 2491 348 2569 principi
377 2511 393 2552 a
424 2493 557 2568 consiliis
587 2493 795 2554 ecclesiasticis
825 2501 887 2554 erat
923 2501 953 2554 et
986 2492 1083 2572 pridie
1112 2491 1255 2554 Calendas
1286 2492 1341 2554 Fe·

219 2597 357 2662 hruarias
378 2600 449 2662 anni
474 2598 556 2662 1820
578 2620 595 2661 e
617 2604 673 2662 vita
697 2602 832 2663 excessit.
877 2603 906 2663 ls
929 2603 973 2664 vir
995 2603 1032 2664 de
1054 2601 1197 2664 omnibus
1218 2601 1340 2681 prullei

222 2706 391 2770 exsistentia
414 2710 597 2788 argumentis
626 2710 687 2789 agit
707 2712 918 2791 propriamque
948 2731 1033 2774 suam
1056 2711 1341 2774 demonstrationem

220 2817 361 2896 proponit
383 2818 413 2878 in
436 2818 513 2880 libro
534 2821 585 2900 qui
609 2820 798 2882 inscribitur:
842 2823 1029 2904 Pisttevon
1059 2822 1141 2884 sire
1171 2822 1215 2884 de
1238 2820 1341 2882 exsi-

219 2927 370 2990 stentia
393 2929 460 2990 uei
482 2931 687 3009 Appendix
709 2932 750 2994 ad
771 2932 935 3012 Elpizon
952 2931 987 3008 ⁵).

303 3037 341 3098 Et
362 3038 459 3118 primo
482 3041 602 3120 quidem
626 3050 731 3104 auctor
753 3043 888 3104 numinis
901 3042 991 3104 divini
1004 3041 1156 3104 notionem
1170 3038 1339 3122 explicat⁰).

220 3146 375 3208 Summum
389 3149 436 3210 cui
449 3152 548 3212 omnia
565 3150 697 3231 subjecta
715 3160 786 3213 sunt
808 3171 880 3212 ens
902 3171 972 3231 per
994 3171 1033 3212 se
1056 3151 1258 3220 exsistens
1280 3151 1341 3212 sive

220 3255 423 3320 substantia
446 3259 485 3320 sit
506 3279 629 3321 necesse
650 3269 704 3322 est.
741 3261 825 3322 Hanc
843 3279 932 3340 porro
955 3260 1151 3322 substantiam
1174 3271 1341 3322 mentem

219 3369 276 3428 hoe
289 3374 334 3428 est
344 3367 403 3430 vim
415 3388 490 3448 quae
502 3371 670 3432 intellectus
682 3371 726 3433 sni
740 3379 903 3449 potensest
915 3372 1043 3450 cogitare
1055 3370 1208 3432 debemus.
1227 3370 1342 3441 Quum-

219 3499 278 3558 que
294 3500 326 3541 ea
347 3481 409 3560 ipsa
429 3480 473 3541 vis
485 3482 593 3542 mentis
606 3481 644 3542 ab
664 3481 804 3542 omuibus
822 3481 969 3544 esseutiae
988 3480 1181 3559 intelligentis
1193 3481 1341 3542 humanae

219 3591 364 3668 angustiis
385 3589 524 3670 vitiisque
546 3590 668 3651 liberata
692 3608 759 3651 esse
781 3589 904 3664 debeat,
939 3591 1034 3652 Deum
1064 3589 1153 3652 etiam
1181 3599 1341 3654 mentem

220 3743 525 3754 ——u-a—o--u-e—-w-a

286 3825 316 3888 l)
335 3825 368 3874 cl.
389 3824 526 3884 Fichtii,
547 3824 570 3874 J.
592 3824 639 3877 lh:
670 3824 773 3875 Priores
797 3825 1001 3876 adumbratioues
1024 3827 1155 3878 doetrinae
1180 3827 1342 3881 scientiarum

219 3907 251 3958 ab
269 3923 333 3958 auae
351 3911 418 3962 rtur
442 3925 519 3975 usque
543 3911 575 3960 ad
599 3911 674 3962 1802.
712 3910 750 3960 lle
774 3913 872 3962 rohone
897 3927 946 3978 qna
968 3921 1054 3964 nostre
1088 3913 1112 3962 in
1136 3913 1341 3978 gubernationem
1369 3969 1376 3980 ι

219 3994 328 4044 divinam
346 3995 431 4044 muudi
449 3995 511 4046 lidus
530 3996 619 4046 nititur
636 3995 660 4044 iu
681 3995 777 4046 diurnis
794 3997 973 4064 philosophicis
991 4001 1058 4050 1798
1076 3997 1134 4050 Vlll
1153 4001 1177 4049 1.

287 4099 315 4162 ὅ)
334 4099 367 4151 cl.
389 4098 550 4156 Sintenis‚
574 4098 601 4150 C.
623 4099 668 4150 R:
690 4098 795 4166 Elpizou
814 4099 868 4150 sive
887 4101 918 4150 de
938 4101 1013 4150 enimi
1031 4100 1081 4150 mei
1100 4099 1287 4149 immortalitate
1306 4097 1341 4151 Vl

220 4188 279 4230 tom.
300 4181 325 4230 in
343 4179 376 4231 lll
394 4181 454 4234 voll.
474 4182 506 4232 ed
524 4185 548 4233 3.
570 4191 628 4232 tom.
641 4182 675 4248 Vl
694 4181 735 4248 qui
754 4181 912 4234 inscribitur:
933 4183 1052 4234 Pistevou
1070 4183 1124 4234 sive
1143 4183 1174 4234 dc
1192 4183 1340 4234 exsistentia

220 4264 275 4314 uei.
313 4265 444 4332 Appendix
463 4267 495 4316 ad
514 4266 618 4333 Elpizon
638 4267 670 4316 ed
688 4268 712 4317 3.
752 4266 872 4318 Coloniae
890 4268 1043 4336 Agrippinae
1062 4271 1141 4322 1811.

287 4367 316 4431 6)
335 4368 366 4417 cl.
388 4367 404 4417 l.
427 4367 641 4423 uCommeutatio
660 4367 702 4418 lll.
722 4383 747 4435 p.
767 4369 877 4422 tt-ut.
