3236 5076
699 449 1023 522 ...ρο-.-

299 631 386 716 plura
407 633 496 696 etiam
525 641 557 698 et
585 631 837 714 magnificentiora
867 649 956 714 qnam
985 649 1063 714 qnae
1084 631 1121 696 de
1143 631 1299 695 beator-nm
1321 631 1422 694 insula

299 743 410 808 tabulis
431 743 690 820 circumferuntur,
714 741 883 825 promicet,
910 742 984 806 lraec
1005 743 1105 806 omnia
1127 742 1252 824 mpori
1273 742 1339 804 sine
1358 741 1421 804 ulla

300 852 474 916 dillieultats
502 863 639 936 possunt.
684 853 743 916 Sed
765 853 791 916 si
814 853 883 935 quis
909 852 1039 930 diceret,
1075 853 1166 934 qnia
1189 853 1265 916 ista
1288 852 1421 914 insula

300 961 482 1026 omnibns
514 961 610 1026 aliis
639 961 763 1025 terris
792 961 932 1025 melior
952 961 1005 1026 sit
1031 969 1069 1025 et
1089 961 1218 1024 serbis
1240 961 1423 1042 descrip-

302 1081 375 1136 tam
404 1071 525 1136 lacile
553 1071 643 1152 quis
672 1069 901 1152 intelligat,
936 1071 1066 1134 dubitari
1095 1069 1207 1134 idcirco
1237 1089 1297 1133 non
1319 1087 1420 1152 posse,

300 1181 374 1264 quin
404 1198 479 1244 non
509 1180 547 1244 in
576 1181 792 1245 intellectu
814 1181 942 1245 solum
969 1181 1035 1244 sed
1058 1182 1175 1244 etiam
1198 1199 1237 1244 re
1259 1199 1347 1243 rora
1370 1180 1420 1256 sit,

301 1291 328 1354 is
359 1307 428 1372 per
455 1288 586 1370 jocum
619 1289 692 1354 milri
722 1289 805 1372 ioqui
835 1289 995 1354 rideretur.
1039 1289 1101 1354 Neo
1129 1290 1229 1353 minus
1258 1290 1349 1354 stulta
1370 1290 1422 1355 illa

301 1399 516 1463 demonstratio
538 1407 604 1476 tua,
628 1399 723 1464 Deum
746 1401 815 1481 quia
838 1399 936 1482 majus
959 1409 990 1464 et
1009 1399 1117 1463 melius
1138 1399 1279 1464 omnibus
1301 1400 1422 1462 sitnon

301 1511 333 1574 in
354 1509 507 1574 intellectu
529 1510 627 1573 solum
649 1510 701 1574 sed
725 1509 814 1574 etiam
836 1529 869 1574 re
885 1529 953 1574 rera
974 1511 1117 1574 exsistere
1132 1511 1205 1574 milri
1217 1529 1282 1574 asse
1292 1510 1419 1572 viduor.

301 1621 383 1684 lnest
410 1639 518 1703 nempe
540 1621 751 1702 quaternio
774 1621 1051 1697 terminorum,
1096 1621 1245 1702 siquidem
1276 1637 1422 1684 summa

302 1731 373 1794 illa
396 1749 496 1813 quae
524 1739 675 1794 tantum
705 1732 908 1813 cogitatur
933 1731 1130 1812 persentio
1159 1749 1228 1793 cum
1257 1749 1301 1792 eo
1321 1729 1421 1810 quod

302 1841 485 1904 omnibus
507 1840 626 1904 rebus
648 1841 762 1904 otiam
785 1859 875 1904 rere
896 1839 1184 1904 exsistentibus
1205 1839 1422 1921 perfectius

302 1957 363 2012 est
383 1958 594 2012 commutatur.
627 1951 701 2012 Nam
724 1951 775 2031 qni
797 1969 885 2013 esse
907 1949 978 2012 dicit
995 1950 1052 2012 hoc
1067 1949 1147 2032 quod
1163 1947 1421 2029 minusmajus,

302 2057 390 2121 aliter
412 2075 474 2120 non
497 2059 555 2120 erit
575 2057 716 2120 omnihus
737 2058 846 2138 majus,
871 2077 932 2120 non
954 2059 1026 2122 satis
1047 2059 1174 2122 attendit
1194 2059 1243 2122 oui
1265 2059 1421 2140 loquatur3

301 2185 358 2248 ego
379 2167 459 2230 onim
481 2167 615 2230 nondum
637 2167 719 2242 dion,
753 2167 815 2230 imo
841 2167 930 2230 etiam
953 2187 1031 2248 nego
1053 2169 1099 2230 rel
1121 2169 1242 2244 dubito,
1275 2167 1357 2231 nlla
1383 2185 1423 2230 re

302 2295 390 2340 reru
420 2295 508 2339 esse
536 2275 662 2358 majus
692 2276 813 2352 illud,
852 2295 909 2339 neo
937 2277 1018 2340 aliud
1050 2279 1076 2340 ei
1106 2297 1193 2340 esse
1222 2279 1353 2340 concedo
1382 2278 1422 2353 (si

295 2385 463 2450 dicendum
478 2390 619 2462 estesse)
642 2403 735 2466 quum
758 2386 921 2448 secundnm
944 2405 1046 2450 rocem
1068 2395 1183 2450 tantum
1205 2387 1336 2450 auditam
1359 2405 1423 2449 rem

303 2513 428 2578 prorsas
453 2497 584 2578 ignotam
613 2496 671 2560 sibi
706 2504 832 2560 conatur
866 2497 986 2582 animus
1020 2497 1170 2578 ottingene.
1223 2497 1309 2560 Prius
1342 2497 1423 2560 enim

303 2614 418 2670 certum
440 2607 513 2670 milri
536 2625 659 2670 necessa
680 2615 727 2671 est
746 2609 814 2684 liat,
839 2626 872 2670 re
893 2625 960 2670 rem
983 2625 1050 2668 esse
1072 2605 1183 2669 alieubi
1204 2605 1302 2687 majus
1323 2606 1424 2688 ipsum

303 2725 334 2781 et
354 2727 416 2780 tum
440 2716 561 2783 demum
583 2737 619 2780 ex
641 2737 677 2781 eo
699 2719 778 2798 qnod
801 2717 901 2798 majus
922 2725 969 2780 est
991 2717 1132 2780 omnihus
1153 2717 1185 2778 in
1206 2735 1240 2778 se
1262 2717 1328 2798 ipso
1349 2735 1424 2798 quo-

302 2847 361 2907 qne
383 2827 526 2888 exsistere
549 2845 609 2888 non
632 2827 689 2888 erit
709 2825 894 2906 ambignum.

390 2936 474 2997 liano
495 2936 631 3016 prolecto
653 2935 875 3016 sagacissimam
898 2936 1136 3000 Gaunilonis
1158 2936 1422 3000 contradictionem

304 3049 371 3125 lpse
392 3044 601 3106 Ansclmus
629 3043 669 3106 ita
699 3063 759 3106 non
789 3045 1036 3108 contemnendam
1066 3065 1133 3108 esso
1162 3046 1355 3123 existimavit,
1390 3054 1424 3108 ut

302 3161 509 3234 argumentum
533 3171 621 3216 suum
642 3171 731 3236 quam
754 3154 881 3217 maxima
911 3163 1024 3235 poterat
1046 3156 1073 3217 vi
1097 3153 1256 3218 detondere
1277 3156 1419 3218 studeret

303 3265 405 3328 Edidit
428 3265 519 3346 igitur
548 3264 740 3346 librum-qui
762 3265 924 3346 inscriptus
953 3274 1016 3328 est:
1060 3266 1178 3328 Liber
1199 3265 1422 3347 apologeti-

293 3393 371 3438 cus
403 3384 540 3438 contra
574 3376 836 3439 Gannilonem
875 3377 1180 3457 respondentem
1219 3394 1289 3456 pro
1322 3352 1428 3438 insi-'⁵

302 3481 503 3564 piente⁴)‚
536 3485 574 3546 ad
604 3505 692 3563 quent
727 3485 826 3548 adhue
854 3486 986 3564 paullum
1017 3486 1159 3566 temporis
1187 3485 1306 3548 animus
1334 3485 1421 3546 nobis

303 3592 499 3654 advertendus
521 3593 588 3655 erit.
634 3595 709 3655 Nam
737 3594 796 3656 lroo
817 3595 879 3655 iere
901 3595 990 3655 modo
1013 3595 1170 3656 ltnselmns
1191 3593 1421 3674 disputationem

303 3719 387 3762 snam
410 3699 569 3780 proponit:
608 3701 639 3762 Si
661 3718 736 3780 quo
758 3701 880 3782 majus
902 3701 1073 3780 cogitari
1096 3701 1169 3766 non
1193 3712 1326 3786 potest
1347 3723 1420 3767 non

303 3809 507 3890 cogitatur
537 3809 583 3871 rel
615 3808 869 3889 intelligitur
899 3827 956 3871 nco
988 3822 1034 3872 ost
1065 3812 1104 3874 in
1133 3814 1345 3876 intellectu
1375 3813 1419 3876 vel

302 3918 569 4000 cogitatione:
610 3919 743 4000 prolecto
776 3919 876 3982 Deus
908 3925 960 3980 ant
992 3939 1067 3982 non
1097 3932 1156 3986 est
1188 3943 1263 4002 quo
1295 3922 1421 4003 majus

301 4026 475 4108 cogitari
508 4042 582 4088 non
609 4027 743 4108 possit
769 4036 821 4092 aut
852 4047 927 4090 non
958 4029 1212 4112 intelligitur
1231 4032 1292 4093 rel
1315 4033 1421 4112 cogi-

302 4145 411 4199 tatur
443 4155 513 4198 nec
544 4146 604 4200 est
635 4139 674 4202 in
706 4138 920 4202 intellectu
950 4141 1009 4203 rol
1031 4141 1288 4222 cogitatione.
1334 4141 1419 4215 erod

303 4289 606 4304 ιιι-ι-ι-ι-ι-υ-η-ι-

369 4369 400 4439 l)
417 4371 450 4456 el.
471 4372 629 4424 Anseltni:
644 4435 647 4441 ,
660 4373 743 4442 Opera
761 4375 801 4426 cd.
824 4375 962 4428 Gerberon.
1000 4375 1073 4428 Paris
1091 4377 1156 4428 1721
1175 4391 1199 4442 p.
1221 4377 1254 4428 tt
1272 4391 1326 4443 sqq.
