3260 5058
645 443 990 514 *120—

257 623 396 688 videntur
416 622 613 704 sensibusque
635 624 832 688 titillationem
856 627 1001 690 adhibent
1026 630 1165 710 cupimus
1187 631 1376 716 egimusque,

258 734 310 796 sed
340 753 397 814 qna
427 753 515 796 sanae
543 735 686 798 voluntati
716 735 910 818 honestisque
938 739 1073 801 moribus
1102 748 1132 802 et
1157 746 1327 823 appetendo
1349 753 1379 809 et

257 844 370 924 agendo
392 843 588 906 libentissime
610 844 858 926 obtemperamus.
893 848 1016 929 Propria
1032 849 1120 912 etiam
1143 861 1248 915 nostra
1269 857 1377 936 agendi

257 962 388 1036 potestas
410 955 488 1017 haud
511 973 579 1018 raro
601 956 737 1036 adempta
753 975 821 1019 vera
837 959 926 1021 animi
943 960 1088 1038 libertate,
1111 961 1157 1024 vel
1170 964 1376 1030 deficientibus

257 1073 308 1128 aut
330 1065 462 1145 corporis
484 1073 535 1128 aut
557 1065 665 1128 mentis
694 1066 805 1130 viribus
828 1067 872 1129 rel
902 1068 1073 1132 adversante
1095 1072 1213 1134 tortum
1238 1084 1268 1136 et
1289 1095 1376 1157 repu-

258 1173 418 1256 gnantibus
440 1173 529 1236 rebus
551 1175 793 1256 temporibusque
815 1177 914 1240 inanis
935 1180 1080 1242 redditur.
1116 1181 1198 1254 Quae
1221 1203 1313 1264 quum
1334 1186 1374 1248 ita

258 1285 318 1348 siut
350 1285 499 1348 evidenter
530 1285 600 1348 iude
634 1285 786 1365 seqnitur,
831 1289 932 1368 qnod
972 1308 1077 1352 mens
1117 1291 1278 1356 bumana
1312 1297 1371 1358 sui

258 1394 388 1475 ipsius
420 1395 580 1458 conscia
613 1395 784 1477 reliquis
817 1399 998 1461 omnibns
1028 1407 1066 1463 et
1093 1401 1207 1464 rebus
1229 1405 1368 1466 eteni-

258 1504 428 1570 malibus
460 1505 575 1586 longe
607 1506 833 1585 perfectior
864 1509 1020 1589 quidem
1054 1529 1131 1573 non
1162 1531 1249 1574 vero
1279 1531 1365 1594 per·

258 1615 481 1678 lectissima
513 1615 769 1678 subsistendi
803 1617 927 1680 forma
960 1619 1024 1682 sit.
1082 1621 1182 1694 anm
1211 1623 1369 1685 nerobaeo

258 1725 321 1806 ipso
344 1743 428 1788 mens
449 1731 551 1788 nostra
574 1743 645 1786 sano
667 1725 750 1787 initia
773 1728 870 1789 omnis
886 1729 1077 1809 perfectionis
1099 1733 1259 1808 contineat,
1283 1749 1374 1813 quum

258 1853 347 1916 porro
369 1834 426 1916 ipsi
449 1834 536 1896 nobis
557 1835 634 1896 bano
655 1835 785 1898 indolem
815 1839 1085 1920 praestantiamque
1109 1859 1169 1902 uon
1193 1843 1374 1918 dederimus,

259 1945 311 2008 sed
333 1944 370 2006 ab
392 1945 450 2008 alio
479 1944 577 2025 potius
605 1945 808 2026 acceperimus
838 1955 868 2008 ot
889 1948 968 2012 siout
997 1969 1100 2012 omues
1130 1952 1262 2014 universi
1286 1951 1375 2033 hujus

258 2055 362 2118 mundi
385 2074 433 2117 res
455 2055 544 2116 creati
568 2055 679 2118 simus:
715 2074 782 2117 ens
814 2057 977 2138 aliquod
1011 2059 1183 2122 exsistet
1216 2081 1377 2124 necesse

260 2165 450 2244 estquod
480 2173 516 2226 et
542 2165 771 2226 bominibus
800 2167 967 2228 animum
997 2168 1231 2229 rationalem
1258 2172 1377 2232 attri-

259 2273 345 2336 buit
366 2282 403 2336 et
424 2275 548 2354 ipsum
570 2275 854 2356 perfectissima
878 2283 991 2338 mente
1013 2275 1068 2336 sui
1090 2275 1205 2354 ipsius
1228 2281 1374 2340 conseia

259 2384 482 2468 praeditum
512 2393 587 2461 est,
622 2386 706 2467 cujus
736 2386 849 2448 scilicet
877 2384 1043 2447 intellectus
1073 2384 1171 2446 omnia
1193 2385 1320 2447 visibilia
1343 2395 1374 2448 et

259 2495 417 2558 invisibilia
438 2496 621 2578 amplissimo
644 2497 799 2578 complexu
820 2513 995 2576 summaque
1022 2493 1231 2576 perspicuitate
1253 2496 1373 2575 cogitat,

260 2605 345 2687 cujus
366 2606 500 2670 voluntas
528 2627 560 2669 re
587 2627 653 2670 vera
676 2609 768 2670 libera
798 2627 854 2670 neo
882 2607 951 2668 ullis
981 2605 1126 2668 extraneis
1149 2605 1377 2679 necessitatibus

260 2717 392 2799 subjecta
425 2725 454 2778 et
482 2717 634 2780 absolutae
663 2716 787 2779 rationis
816 2717 1039 2798 sanctitatisque
1069 2713 1183 2796 legibus
1205 2715 1378 2778 omnimodo

259 2827 478 2890 accommodata
512 2837 541 2888 ct
573 2835 768 2888 consentanea
792 2833 855 2900 est3
890 2827 976 2906 enjus
1009 2826 1139 2906 deniqne
1172 2824 1305 2887 actiones
1338 2845 1376 2888 ne

260 2937 381 2999 minime
393 2937 513 3016 quidem
531 2955 632 2996 rernm
644 2943 847 3015 temporumve
863 2935 1056 3014 repugnantia
1069 2934 1114 2994 vel
1126 2934 1234 2995 virium
1247 2931 1368 3004 delectu,

259 3047 305 3109 vel
328 3045 494 3108 intellectus
522 3054 573 3107 aut
601 3044 759 3106 voluntatis
789 3043 925 3104 terminis
947 3043 1167 3123 impediuntur,
1203 3046 1254 3107 sed
1275 3043 1370 3125 potius

261 3156 424 3220 secundum
455 3155 550 3236 ipsius
579 3155 709 3218 auctoris
737 3152 920 3216 liberrimam
955 3153 1135 3214 voluntatem
1172 3155 1374 3235 optimumque

261 3269 418 3332 eonsilium
430 3268 571 3330 adversus
595 3287 698 3328 omnes
720 3265 959 3348 impugnationes
980 3264 1018 3327 ad
1040 3266 1129 3326 flnrm
1152 3284 1247 3345 usque
1268 3265 1378 3346 perdu·
1450 3269 1452 3274 ’

262 3387 380 3441 cuntur.
424 3379 484 3440 Nec
513 3379 576 3458 ipsa
598 3388 699 3439 nostra
727 3377 801 3438 ratio
824 3375 960 3438 dubitare
987 3385 1115 3456 potest,¹
1135 3375 1206 3456 quin
1229 3374 1377 3456 ejusmodi

262 3507 326 3564 cns,
350 3507 457 3568 nempe
479 3507 563 3550 mens
585 3489 632 3550 sui
654 3487 749 3567 ipsius
769 3486 889 3548 'conseia
912 3494 941 3548 ct
962 3505 995 3547 ea
1017 3486 1150 3548 absolute
1162 3487 1292 3566 perlecta
1311 3503 1378 3548 vere

262 3599 398 3670 exsistat,
433 3600 580 3678 siquidem
610 3607 711 3660 nostra
740 3596 909 3659 exsistentia
939 3596 1022 3658 nullo
1048 3596 1105 3656 alio
1128 3598 1217 3658 medo
1239 3595 1377 3678 explicari

262 3715 370 3791 potest.
409 3709 576 3770 Essentiam
599 3727 682 3769 snam
703 3727 764 3768 non
786 3707 867 3786 ipsos
890 3706 1025 3768 homines
1048 3706 1104 3767 sibi
1127 3707 1244 3770 dedisse
1266 3708 1318 3769 sed
1341 3707 1378 3767 ab

263 3819 322 3880 alio
345 3821 479 3898 quodam,
494 3817 644 3897 accepisse
666 3817 727 3878 sire
750 3816 829 3895 quod
852 3815 930 3878 idem
953 3823 998 3877 est
1019 3825 1132 3878 creatos
1148 3837 1213 3879 esse
1229 3820 1275 3879 vix
1297 3817 1379 3899 quis·
1493 3809 1496 3814 ’

264 3949 352 4010 quarn
376 3937 420 3992 est
442 3928 493 4010 qui
515 3927 676 3990 concedere
698 3926 821 3988 dubitet.
856 3926 957 4006 ltaque
976 3927 1081 3988 merito
1100 3928 1301 4007 quaerendum
1320 3935 1375 3999 est,

264 4059 280 4101 a
303 4059 431 4120 quonam
454 4037 544 4102 creati
567 4037 670 4098 simus.
705 4038 862 4112 tratura,
887 4055 963 4116 quae
984 4057 1022 4099 ne
1044 4039 1177 4100 dieamus
1200 4039 1313 4099 ratione
1335 4069 1377 4080 -

170 4225 181 4232 -
264 4151 327 4231 ipsa
357 4150 436 4212 enirn
466 4148 598 4210 numinis
627 4147 754 4227 alicujus
782 4147 989 4228 perfectissimi
1018 4147 1092 4208 ratio
1125 4167 1178 4228 per
1210 4147 1378 4210 {nniversam

265 4279 363 4338 rernm
398 4268 532 4320 naturam
565 4258 661 4319 elucet
689 4293 731 4302 —-
760 4266 840 4319 certo
868 4265 967 4320 tamon
998 4259 1045 4319 sui
1075 4257 1169 4338 ipsius
1196 4257 1376 4320 conscientia

266 4370 388 4434 omnino
417 4367 519 4432 caret?
557 4369 678 4429 Attum
709 4375 812 4430 natura
842 4367 983 4448 majorem
1013 4369 1146 4449 proiecto
1175 4376 1264 4449 atque
1292 4387 1377 4450 prae-
