3260 5058
640 431 987 499 ——126—

256 609 320 684 „rei
342 608 450 670 invidia
473 610 561 672 cadit.
608 610 700 690 Cujus
723 629 814 691 quum
838 631 942 692 expers
965 614 1020 689 sit,
1053 615 1264 694 amnisquam
1288 619 1382 698 potis-

256 719 387 795 „simum
409 719 457 780 sui
479 719 573 800 ipsios
595 719 746 782 simillima
776 721 841 783 fieri
862 722 971 784 voluit.
985 770 993 784 .
1007 769 1035 785 ..
1075 724 1277 787 Considerans
1299 747 1379 804 vero,

256 828 393 904 „nullum
416 828 538 889 omnino
560 829 591 890 in
615 830 750 892 universa
773 849 873 894 rerum
896 843 1000 894 natura
1025 852 1100 913 opus
1123 836 1203 914 quod
1227 835 1392 901 intellectu

256 946 377 1018 „egeret
398 939 513 1000 ratione
536 939 671 1019 praedito
696 929 832 1020 'unquam
861 942 1016 1022 pulchrius
1047 944 1197 1020 loturum,
1234 947 1379 1010 rationem

256 1066 345 1142 „uero
368 1047 434 1110 sine
455 1049 556 1110 animo
579 1049 721 1112 exsistere
751 1069 810 1112 non
841 1069 929 1134 posse
952 1052 1074 1114 invenit.
1121 1053 1175 1116 llis
1197 1054 1289 1134 igitur
1309 1076 1380 1120 cou-

256 1157 414 1234 „sideratis
436 1157 618 1220 intellectum
641 1161 758 1235 animo,
793 1160 925 1222 animum
956 1162 1074 1241 corpori
1104 1163 1258 1243 conjunxit
1284 1186 1379 1246 eoque

256 1267 366 1344 „morlo
389 1267 445 1328 hoc
469 1268 639 1329 universum
663 1269 815 1330 exstruxit.
849 1269 898 1356 'lta
921 1289 991 1331 sane
1014 1271 1123 1335 rationi
1146 1282 1377 1338 consentaneum

256 1377 343 1453 „erit
367 1377 393 1438 ai
415 1377 582 1440 universam
605 1379 686 1440 launo
709 1359 854 1440 mundum
877 1381 1021 1443 rationale
1040 1391 1070 1444 et
1087 1383 1291 1444 animatumre
1307 1403 1371 1446 vere

256 1506 330 1566 „per
342 1486 392 1548 llei
413 1487 627 1568 providentiam
639 1489 750 1552 lectum
769 1508 836 1552 esse
852 1490 995 1553 dicimus.
1009 1537 1017 1554 .
1030 1539 1059 1554 ..
1087 1493 1125 1554 Et
1140 1493 1265 1572 prolecto
1283 1492 1369 1554 etiam

256 1615 444 1673 „sermonem
467 1605 601 1660 nostrum
616 1599 679 1680 jam
698 1603 782 1662 nunc
798 1600 835 1660 ad
856 1601 945 1662 linem
960 1620 1055 1682 usque
1071 1603 1193 1664 omnino
1209 1603 1373 1684 parvenisse

256 1709 420 1784 „dicamus
467 1709 600 1790 Namque
623 1709 672 1771 hie
694 1711 826 1772 mundus
848 1711 910 1773 viva
940 1721 970 1773 et
992 1713 1126 1774 mortalia
1150 1723 1180 1775 et
1201 1713 1378 1774 immortalia

257 1819 436 1894 „continens
449 1819 544 1898 iisque
557 1819 706 1898 impletus,
731 1839 784 1880 ens
800 1820 898 1882 vivum
910 1821 1026 1884 visibile
1042 1822 1167 1884 visibilia
1179 1824 1379 1903 complectens

255 1928 375 2007 „imago
396 1928 448 1990 Dei
472 1929 663 2008 intelligentis
683 1929 820 1992 sensibus
839 1929 1003 2010 subjectos,
1028 1933 1173 1994 maximus
1190 1941 1220 1994 et
1236 1933 1377 2012 optimos,

255 2038 495 2117 gpulcherrimus
525 2047 555 2100 et
576 2039 810 2119 perfectissimus
833 2041 928 2102 lactus
955 2050 1017 2115 est,
1053 2061 1146 2103 unum
1177 2042 1234 2102 lroc
1263 2042 1380 2102 eoelum

257 2147 499 2229 „unigenituxn.“
514 2146 550 2224 ¹).
597 2149 772 2211 llistinctius
793 2149 891 2211 adhuc
912 2151 1154 2212 Aristoteles
1181 2150 1378 2226 intellectum,

256 2237 307 2336 igni
334 2264 432 2318 'semet
460 2258 559 2336 ipsum
590 2259 700 2338 cogitet
727 2267 757 2322 et
786 2260 981 2340 amplectetur
1010 2277 1159 2320 summurn
1189 2259 1379 2332 exsistentiae

209 2375 212 2379 '
255 2367 382 2447 gradum
404 2367 532 2446 primum
555 2367 629 2429 illud
652 2387 773 2430 movens
804 2370 937 2432 omnium
967 2368 1104 2430 universo
1127 2378 1263 2429 motuum
1285 2367 1377 2428 veluti

228 2471 230 2476 ’
254 2478 327 2541 tons·
345 2485 374 2538 et
396 2477 573 2557 principium
604 2487 693 2559 atque
722 2479 799 2542 hanc
828 2499 925 2542 veram
956 2477 1088 2540 numinis
1110 2477 1200 2540 divini
1223 2477 1376 2540 notionem

195 2653 197 2655 ,
251 2605 321 2652 ‚esse
343 2589 509 2660 confirmat,
534 2589 559 2650 si
582 2590 705 2664 „Semet
726 2581 820 2670 ipsam
843 2593 963 2651 autem“
985 2589 1083 2669 inquit
1105 2588 1200 2664 „ratio
1212 2587 1377 2649 secundum

156 2783 158 2786 Ι
255 2697 470 2777 „intelligentis
492 2699 718 2778 conceptionem
741 2699 896 2778 intelligit3
931 2699 1046 2760 ratione
1069 2699 1148 2760 enim
1171 2697 1322 2778 praeditus
1344 2715 1377 2758 se

254 2807 375 2888 „ipsum
401 2808 492 2884 tangit
514 2817 544 2869 et
566 2809 704 2887 concipit,
729 2808 768 2869 ita
792 2816 825 2868 ut
846 2807 1013 2869 intellectus
1036 2817 1065 2870 et
1091 2809 1260 2888 intelligens
1282 2825 1377 2868 unum

257 2918 414 2996 „idemque
436 2917 554 2978 sit...
592 2917 725 2977 Dicimus
736 2925 846 2989 autem,
870 2917 964 2977 Deum
987 2935 1054 2977 esse
1076 2928 1205 2978 mentem
1228 2925 1376 2978 aeternam

256 3027 496 3106 „optimamque,
527 3025 566 3086 ita
590 3033 623 3086 ut
644 3025 700 3086 vita
723 3042 886 3102 aevumque
908 3024 1082 3085 continuum
1106 3043 1141 3084 ac
1163 3025 1375 3105 sempiternum

256 3135 393 3213 „numini
417 3135 516 3196 divino
539 3143 703 3215 competat3
726 3135 784 3196 hoo
806 3134 885 3195 enim
909 3141 955 3194 est
975 3133 1081 3194 Deus“
1097 3121 1144 3208 ³).'
1172 3133 1242 3194 Post
1265 3135 1377 3196 Aristo·

256 3247 344 3308 telem
356 3247 453 3326 primo
465 3246 588 3308 Stoici
609 3245 778 3326 philosophi
791 3246 995 3320 effloruerunt,
1009 3243 1087 3306 inter
1098 3261 1173 3322 quos
1185 3243 1377 3306 llleanthes

254 3357 413 3437 praecipua
441 3365 647 3436 argumentum
678 3375 732 3436 pro
755 3356 807 3418 Dei
831 3355 1019 3429 exsistentia,
1055 3354 1134 3434 quod
1162 3373 1229 3414 cum
1253 3353 1377 3414 demon-

255 3467 398 3528 stratione
421 3476 521 3528 nostra
543 3467 759 3547 propemodum
783 3466 919 3527 convenit
940 3466 988 3526 his
1010 3463 1107 3525 verbis
1126 3462 1298 3542 proposuit:
1322 3462 1376 3539 „Si

256 3595 370 3653 „unum
393 3594 447 3636 ens
469 3577 566 3637 vivum
589 3577 682 3638 altero
705 3576 905 3656 praestentios
927 3581 983 3650 est,
1007 3592 1078 3634 sane
1100 3591 1154 3634 ens
1173 3572 1268 3633 vivum
1292 3591 1377 3652 prae-

256 3685 491 3762 „stantissimum
522 3687 644 3748 exsistat
673 3705 794 3748 necesse
824 3693 887 3761 est;
922 3685 953 3744 in
981 3683 1129 3744 inlinitum
1157 3683 1237 3744 enim
1260 3681 1375 3762 regredi

256 3813 337 3872 „non
360 3813 530 3875 possumus.
576 3795 724 3856 tlmnibos
746 3802 859 3869 autem,
884 3811 960 3873 quae
981 3802 1059 3854 terra
1082 3793 1177 3873 gignit
1197 3791 1377 3854 animalibus

256 3905 516 3985 „homopraestat
551 3904 653 3984 ltaque
676 3904 765 3966 homo
787 3902 1077 3983 praestantissimum
1100 3903 1262 3964 ensvivum
1285 3908 1373 3963 esset.

256 4016 380 4096 „Neque
403 4023 500 4076 tamen
529 4015 619 4080 homo
648 4013 935 4095 praestantissimum
965 4031 1019 4074 ens
1047 4013 1145 4074 vivum
1175 4030 1240 4073 esse
1266 4017 1373 4091 potest.

324 4277 354 4342 2)
372 4276 405 4326 cl.
425 4275 534 4326 Pluto:
555 4275 674 4327 Timaeus
692 4275 756 4326 ³0⁰.
775 4275 810 4327 92
827 4289 848 4324 c.
879 4273 962 4342 Opera
971 4273 1003 4325 cd
1013 4273 1080 4325 lieolx
1091 4280 1108 4324 t.
1120 4272 1174 4327 Vll.
1186 4278 1209 4339 p'.
1222 4273 1255 4324 18
1264 4287 1301 4338 sq.
1314 4272 1371 4324 too.

325 4362 354 4427 3)
372 4360 589 4413 Aristoteles:
610 4359 783 4429 Metaplpsioa
800 4355 849 4411 Xll
867 4359 891 4410 7.
