3236 5076
711 447 1035 522 *30—

309 631 459 694 latendem
482 639 544 708 est,
579 632 746 714 exquibus
776 641 927 714 nmquam
953 631 1106 696 coloribus
1132 635 1209 696 veris
1231 651 1340 696 omnes
1364 635 1441 696 istae

308 761 362 804 seu
386 759 470 804 verae
489 761 542 804 seu
562 741 650 805 lalsae
662 743 779 824 quaein
791 743 968 823 cogitatione
980 753 1080 806 nostra
1097 751 1168 806 sunt
1182 745 1328 826 imagines
1353 746 1442 806 ellin-

308 865 429 933 guntur.
476 851 569 934 Cujus
591 853 709 933 generis
731 871 797 915 esse
819 853 956 916 ridentur
977 863 1081 916 natura
1104 873 1245 936 corporea
1268 855 1299 917 in
1324 871 1442 934 genere

308 963 433 1044 ejusque
453 963 596 1038 extensio,
620 961 692 1024 item
714 963 808 1043 ligura
830 981 930 1025 rerum
954 971 1161 1040 extensarum,
1186 965 1256 1026 item
1279 964 1441 1045 quantitas

308 1072 370 1134 sive
392 1071 553 1134 earundem
577 1072 749 1152 magnitudo
765 1081 794 1134 et
810 1091 963 1150 numerus,
988 1073 1057 1136 item
1075 1075 1159 1137 loeus
1174 1075 1204 1136 in
1217 1092 1276 1155 quo
1288 1075 1443 1136 exsistant

308 1191 484 1262 tempusque
505 1201 560 1262 per
581 1182 660 1262 quod
683 1181 791 1244 durent
812 1191 840 1244 et
863 1182 981 1246 similia.
1027 1183 1235 1246 Verumtamen
1264 1185 1357 1246 inllxa
1395 1192 1442 1246 est

308 1309 391 1353 meae
413 1291 503 1352 menti
525 1299 609 1352 aetus
632 1291 733 1371 opinio
756 1290 871 1354 Deum
902 1311 987 1356 esse
1009 1293 1073 1374 qui
1097 1301 1230 1374 potest
1252 1295 1385 1356 omnia
1410 1303 1441 1354 et

307 1419 324 1463 a
346 1420 406 1481 quo
428 1399 496 1462 talis
518 1401 614 1481 qualis
637 1401 746 1463 exsisto
769 1419 834 1463 sum
858 1411 986 1465 oreatus.
1022 1403 1106 1465 Unde
1126 1411 1225 1464 autem
1248 1404 1320 1478 saio,
1346 1403 1438 1466 illum

307 1529 368 1572 non
391 1509 506 1587 iecisse,
532 1509 694 1573 utnulla
718 1511 1055 1592 planesitterra,
1079 1513 1232 1575 nullutn
1255 1514 1437 1585 eoelum,

308 1621 416 1683 nulla
447 1639 510 1683 res
540 1631 700 1684 extensa
731 1623 841 1686 nulla
864 1623 1012 1704 ligura;
1047 1624 1156 1686 nulla
1179 1624 1435 1704 magnitude,

307 1731 444 1794 nullus
467 1732 581 1796 loeus
602 1742 639 1795 et
661 1741 787 1796 tamen
812 1751 886 1795 non
909 1733 1031 1796 aliter
1052 1733 1148 1796 haee
1170 1734 1298 1796 omnia
1321 1751 1437 1814 quarn

306 1861 407 1903 ntano
438 1843 531 1904 milri
560 1843 767 1906 videantur
796 1841 1016 1906 exsistere?
1060 1843 1169 1905 Essent
1196 1861 1266 1905 vero
1292 1845 1434 1916 fortasse,

307 1952 358 2032 qui
389 1961 447 2014 tam
477 1961 628 2032 potentem
658 1955 787 2035 aliquem
817 1954 913 2016 Deum
943 1953 1066 2016 mallent
1095 1973 1219 2034 negare,
1259 1973 1348 2035 quam
1385 1971 1436 2014 res

305 2061 378 2122 alias
412 2081 517 2124 omnies
549 2061 671 2124 eredere
704 2081 770 2124 esse
802 2063 949 2141 ineertas;
994 2065 1046 2126 sed
1077 2063 1115 2126 iis
1145 2083 1204 2125 non
1229 2082 1435 2145 repugnemus

305 2179 461 2251 totumque
482 2173 540 2233 boo
562 2171 599 2233 de
622 2171 682 2233 ileo
705 2171 810 2234 demus
832 2191 898 2234 esse
920 2173 1131 2249 fictitium,
1164 2181 1197 2236 ut
1218 2193 1270 2236 asu
1293 2175 1353 2236 lato
1378 2191 1434 2235 seu

306 2299 386 2355 casu,
411 2301 462 2342 seu
486 2281 655 2343 continuata
686 2301 785 2344 rerum
814 2283 891 2344 serie
913 2301 965 2344 seu
996 2283 1100 2362 quovis
1122 2283 1180 2344 alio
1210 2283 1299 2345 modo
1320 2301 1371 2346 me
1395 2281 1432 2344 ad

305 2389 335 2451 id
358 2389 437 2470 quod
460 2409 527 2452 sum
549 2391 720 2472 pervenisse
742 2399 930 2472 supponant;
954 2391 1094 2472 quoniam
1117 2392 1178 2454 lalli
1200 2401 1230 2455 et
1252 2411 1350 2455 errare
1374 2395 1432 2455 irn-

304 2499 447 2582 perleotio
469 2503 614 2583 quaedam
638 2521 704 2566 esse
732 2503 865 2579 ridetur,
901 2521 960 2584 quo
994 2501 1093 2564 miuus
1124 2511 1273 2582 potentem
1303 2482 1433 2584 originis¹

304 2627 388 2674 meae
417 2613 571 2676 authorem
600 2613 811 2695 assignabunt,
846 2631 883 2676 eo
905 2611 1089 2694 probabilius
1111 2613 1184 2689 erit,
1218 2631 1267 2674 me
1289 2621 1348 2676 tam
1372 2615 1430 2674 im-

304 2725 467 2804 perfectum
492 2743 568 2801 esse,
594 2733 626 2786 ut
648 2745 766 2806 semper
786 2725 880 2787 lallar.
927 2724 1043 2797 Quibus
1066 2741 1137 2785 sane
1159 2723 1342 2804 argumentis
1365 2741 1428 2784 non

303 2833 398 2894 habeo
421 2833 492 2912 quid
515 2835 729 2914 respondeam,
764 2835 816 2897 sed
845 2835 965 2896 tandem
988 2851 1079 2914 cogor
1100 2833 1183 2896 lateri
1214 2833 1316 2894 nihil
1339 2849 1429 2894 esse

304 2959 345 3003 ex
372 2941 423 3002 iis
446 2961 542 3022 quae
572 2943 663 3004 olim
686 2963 774 3005 vera
805 2943 1005 3024 putabam,
1041 2943 1084 3005 de
1111 2961 1187 3034 quo
1208 2961 1281 3004 non
1304 2943 1429 3005 lioeat

304 3051 486 3113 dubitare
515 3053 606 3133 idque
628 3071 688 3116 non
712 3071 780 3135 per
808 3053 1190 3116 inconsiderantiam
1213 3055 1258 3116 vel
1281 3053 1428 3116 levita·

303 3171 396 3240 tem,
442 3165 493 3225 sed
534 3173 701 3246 propter
739 3165 891 3227 validas
932 3172 967 3226 et
1004 3165 1213 3227 meditatas
1246 3165 1426 3226 rationes

303 3273 430 3356 ideoqne
460 3277 547 3338 etiarn
578 3277 616 3338 ab
646 3276 752 3340 iisdem
782 3295 871 3358 quarn
894 3275 931 3338 ab
954 3285 1056 3356 aperte
1078 3275 1160 3336 salsis
1183 3283 1319 3337 accurate
1341 3275 1427 3334 dein·

303 3405 373 3465 ceps
395 3388 599 3450 assensionem
623 3407 688 3450 esse
710 3387 916 3462 cohibendam,
941 3386 966 3449 si
989 3383 1060 3466 quid
1084 3385 1156 3446 certi
1175 3385 1261 3446 velini
1279 3384 1423 3445 invenire.

303 3497 475 3574 Supponam
505 3497 613 3576 igitur,
649 3517 709 3558 non
739 3497 884 3576 optimum
907 3497 1018 3572 Deum,
1054 3497 1165 3557 iontem
1188 3495 1336 3570 veritatis,
1372 3493 1423 3555 sed

302 3605 457 3684 genium
487 3605 657 3684 aliquem
688 3605 895 3682 malignum
918 3606 1162 3685 eundemque
1189 3623 1334 3666 summe
1356 3623 1424 3684 po-

304 3721 449 3774 tentem
473 3721 508 3773 et
531 3713 718 3773 callidum
742 3731 860 3774 omnem
883 3733 968 3774 suam
991 3713 1167 3776 industriam
1186 3715 1217 3776 in
1234 3733 1268 3776 eo
1287 3713 1424 3794 posuisse

303 3831 337 3884 ut
359 3839 406 3883 me
429 3821 560 3897 lalleret3
583 3821 694 3902 putabo
718 3821 843 3896 eoelum,
868 3833 984 3898 aerem,
1011 3829 1128 3900 terram,
1153 3825 1277 3900 colores,
1303 3825 1421 3904 figuras,

303 3951 393 3994 sonos
416 3940 581 4012 cunctaque
614 3941 734 3994 externa
762 3931 836 3992 nihil
865 3929 1052 4009 aliudesse,
1088 3953 1176 4014 quam
1207 3934 1423 3996 ludificationes

303 4042 498 4118 somniorum,
524 4041 633 4122 quibus
648 4041 772 4103 insidias
784 4059 866 4102 meae
882 4043 1049 4105 credulitati
1067 4044 1204 4120 tetendit3
1229 4043 1422 4106 considerabo

304 4173 351 4214 me
373 4153 471 4232 ipsum
503 4162 652 4234 tamquam
684 4171 789 4214 manus
818 4171 878 4214 non
909 4153 1084 4230 habentem,
1120 4175 1179 4216 non
1207 4155 1326 4230 oculos,
1362 4171 1420 4214 non

304 4281 435 4340 manem,
459 4283 520 4324 non
542 4265 728 4344 sanguinem,
752 4282 812 4324 non
835 4264 965 4344 aliquem
988 4283 1127 4340 sensum,
1152 4264 1204 4326 sed
1226 4265 1300 4326 haee
1322 4263 1420 4325 omnia

302 4373 412 4437 hebere
442 4393 490 4436 me
517 4373 591 4436 laiso
621 4375 809 4457 opinantem3
844 4373 970 4436 manebo
1000 4373 1147 4436 obstinate
1179 4375 1210 4436 in
1243 4376 1299 4438 hae
1328 4374 1421 4437 medi-

1580 2044 1588 2259 l
