3260 5058
608 451 930 522 ψῃ..-

202 636 369 711 mundum,
404 635 486 696 hunc
514 633 630 696 scilicet
658 633 909 713 adspeotobilenr,
944 635 1013 714 quia
1042 635 1081 696 de
1109 636 1248 696 beenon
1270 634 1329 696 aiio

204 746 317 808 mundo
339 745 423 824 ioqui
445 745 548 806 Mosen
565 743 754 804 manifestum
767 749 824 803 est.
859 743 1082 820 Affirmatvero,
1106 744 1329 806 Deumcrensse

204 855 365 930 mundum,
390 861 609 934 consequenter
630 852 761 913 mundos
783 869 843 912 nou
867 851 983 914 exsistit
1005 852 1175 914 necessario
1195 853 1329 932 adeoque

203 981 261 1025 nec
283 965 318 1024 in·
336 981 369 1024 se
392 963 526 1024 continet
547 961 734 1023 exsistentiae
756 979 828 1022 suae
850 961 995 1023 rationem
1019 958 1254 1038 (statuant.)
1276 963 1328 1024 sed

205 1073 237 1133 in
260 1073 332 1149 Deo,
377 1073 424 1132 nit
445 1089 535 1151 porro
556 1071 663 1146 Moses,
688 1071 782 1132 Deum
805 1087 922 1131 creasse
943 1071 1089 1132 mnndum
1117 1073 1147 1132 iu
1170 1070 1326 1151 principio,

206 1183 265 1243 hoc
285 1189 331 1242 est
350 1181 470 1260 quando
492 1181 624 1241 nondum
647 1187 710 1240 erat
731 1197 786 1240 ens
808 1179 845 1239 ab
868 1179 944 1254 atio,
979 1179 1054 1240 nihil
1077 1181 1192 1242 scilicet
1212 1187 1330 1260 praeter

206 1291 311 1352 Deum.
347 1291 444 1362 Quarm
456 1289 622 1351 adeobeus
635 1289 800 1362 exsisteret,
824 1295 981 1368 antequam
1000 1288 1160 1369 quidquam
1173 1289 1327 1370 inciperet,

181 1459 183 1464 ,
205 1401 283 1480 quod
302 1399 343 1460 ab
365 1399 423 1460 aiio
445 1409 518 1472 erat,
543 1415 666 1460 nesesse
688 1406 734 1459 est
755 1399 849 1459 Deum
873 1415 940 1458 esse
961 1415 1016 1458 ens
1037 1417 1054 1459 a
1076 1417 1109 1460 se
1132 1401 1166 1474 (9
1177 1397 1245 1471 77).
1285 1399 1329 1460 [ix

203 1516 342 1570 contextu
365 1508 577 1586 igiturpatet,
612 1508 821 1586 inscriptura
851 1525 932 1568 sacra
963 1507 1111 1587 supponi,
1145 1508 1240 1569 Deum
1262 1525 1329 1570 esse

203 1634 257 1679 ens
278 1635 295 1678 a
319 1635 375 1691 se,
404 1616 435 1676 in
459 1633 519 1695 quo
541 1616 712 1678 continetur
732 1615 807 1677 ratio
836 1615 988 1678 suiiiciens
1015 1616 1202 1678 exsistentiae
1225 1617 1328 1678 mundi

71 1805 74 1811 Ι
203 1727 294 1806 hujus
317 1725 545 1804 adspectabitis,
581 1732 799 1804 consequenter
824 1724 949 1786 eandem
972 1723 1101 1804 supponi
1127 1724 1328 1786 definitionem

203 1836 256 1896 Dei
281 1833 474 1908 nominatum,
498 1851 587 1912 quam
610 1851 666 1894 nos
689 1834 898 1913 praemisimus
921 1830 1033 1908 (967).
1072 1833 1194 1894 batur
1214 1833 1326 1896 [teus.

204 1946 297 2007 liatur
319 1943 400 2004 enim
424 1961 478 2004 eus
500 1960 516 2002 a
539 1959 571 2002 se
594 1947 628 2017 (9
639 1940 695 2016 29)
718 1950 749 2002 et
769 1943 800 2002 in
823 1961 859 2002 eo
881 1942 956 2004 ratio
978 1941 1132 2004 sufficiens
1147 1941 1326 2018 continetur,

205 2054 402 2116 cnrmundns
421 2052 471 2112 hic
488 2051 697 2130 adspectabiiis
716 2069 783 2112 cum
803 2051 959 2112 elementis
977 2049 1041 2112 suis
1057 2059 1087 2112 et
1097 2051 1254 2114 animabus
1273 2054 1329 2116 tru-

205 2167 300 2228 manis
312 2165 435 2226 exsistat
447 2170 480 2239 (9
489 2159 555 2237 64).
586 2163 790 2234 Quamobrem
802 2181 895 2242 quum
908 2162 1049 2224 vocabulo
1061 2161 1114 2224 Dei
1126 2163 1328 2224 consentiente

205 2277 357 2356 Scriptura
381 2293 464 2336 sacra
488 2279 522 2350 (9
544 2271 600 2348 68)
623 2274 799 2353 indigitetur
827 2291 881 2334 ens
902 2293 919 2334 a
942 2291 991 2348 se,
1023 2273 1054 2334 in
1077 2291 1137 2353 quo
1159 2272 1329 2336 continetur

203 2385 279 2446 ratio
302 2384 455 2445 sufficiens
484 2383 672 2446 exsistentiae
694 2382 800 2443 mundi
822 2381 913 2462 hujus
934 2381 1143 2462 adspectabilis
1165 2391 1195 2443 et
1216 2381 1329 2444 anima·

205 2511 273 2556 rum
294 2494 492 2554 humanarum
514 2498 549 2566 (9
571 2490 628 2566 67)
651 2491 731 2552 [teus
754 2492 850 2552 datur.
883 2491 998 2553 ·1)eus
1027 2491 1062 2552 vi
1084 2491 1243 2571 propria
1266 2509 1327 2551 ex-

206 2603 337 2676 sistit,
370 2602 692 2681 independenter
713 2601 758 2662 ab
780 2600 885 2662 omni
908 2601 988 2662 alio
1011 2609 1101 2662 ente
1122 2608 1160 2661 et
1181 2599 1328 2660 sibimet

207 2711 287 2790 ipsi
317 2712 471 2773 sufficit
501 2712 546 2772 ad
577 2711 862 2786 exsistentium,
907 2711 987 2774 Deos
1010 2711 1090 2774 enim
1113 2717 1159 2770 est
1180 2727 1233 2770 ens
1256 2727 1272 2769 a
1294 2727 1327 2772 se

207 2823 241 2893 (9
263 2816 332 2894 67).
377 2819 410 2879 Vi
438 2821 527 2898 igitur
554 2820 675 2900 propria
705 2820 819 2881 exsistit
849 2823 882 2894 (9
905 2818 960 2895 27)
991 2819 1162 2899 etquidem
1184 2818 1327 2898 indepen-

205 2927 312 2988 denter
345 2927 384 2988 ab
413 2929 494 2990 omni
523 2930 582 2990 alio
613 2933 647 3005 (9
669 2926 725 3005 36)
755 2949 790 2991 ac
819 2929 939 2990 sibimet
974 2929 1031 3008 ipsi
1061 2929 1098 2990 ad
1126 2929 1326 2990 exsistentium

203 3035 315 3098 sufficit
336 3041 370 3113 (9
393 3035 462 3113 26).
507 3038 757 3099 Exsistentia
788 3037 856 3098 nei
887 3045 948 3100 est
976 3037 1161 3098 absoluta
1190 3055 1327 3099 neces·

202 3147 320 3207 saria.
366 3148 446 3208 Deos
475 3147 555 3207 enim
585 3155 630 3208 est
658 3165 715 3207 ens
741 3165 758 3207 a
781 3163 814 3207 se
841 3151 875 3221 (9
897 3143 965 3221 67).
1011 3145 1212 3217 Quamobrem
1234 3163 1325 3226 quum

194 3231 256 3317 ens
278 3275 295 3316 a
318 3274 351 3316 se
374 3255 544 3316 necessario
573 3254 695 3316 exsistat
723 3261 753 3315 et
781 3253 846 3334 ejus
876 3253 1046 3316 exsistentia
1068 3253 1209 3315 absolute·
1224 3271 1326 3316 neces·

200 3365 281 3426 saria
304 3365 344 3424 sit
366 3367 399 3438 (9
421 3361 492 3438 32),
516 3363 597 3424 Deus
619 3363 789 3424 necessario
812 3361 928 3424 exsistit
949 3371 980 3424 et·
1000 3363 1067 3443 ejus
1089 3361 1259 3424 exsistentia
1281 3371 1327 3424 est

201 3473 340 3535 absolute
362 3471 539 3532 necessaria.
585 3471 772 3550 Impossibile
794 3489 864 3551 ergo
887 3480 949 3546 est,
973 3472 1067 3534 neum
1089 3489 1150 3532 non
1172 3469 1323 3548 exsistere,

200 3591 236 3644 at
259 3583 333 3643 adeo
356 3599 417 3642 non
440 3580 479 3640 sit
498 3579 668 3656 absurdius,
693 3599 782 3660 quam
804 3599 913 3660 negare
935 3581 1135 3644 exsistentiam
1157 3581 1238 3662 ejus,
1273 3582 1324 3664 qui

200 3711 263 3754 non
286 3698 385 3770 potest
406 3707 467 3749 non
490 3688 643 3749 exsistere.
688 3689 790 3750 Deus
811 3707 880 3769 per
901 3691 1113 3752 essentiam
1137 3709 1242 3754 suam
1265 3709 1325 3755 ex·

200 3801 327 3863 sistit.
374 3799 455 3860 licus
477 3797 558 3858 enim
580 3816 633 3858 eus
655 3817 672 3858 a
694 3817 726 3859 se
748 3809 795 3859 est
816 3803 850 3874 (9
873 3797 940 3875 67).
985 3799 1144 3862 Enimvero
1174 3819 1227 3864 ens
1252 3821 1268 3863 a
1290 3820 1324 3864 se

200 3910 349 3985 rationem
383 3909 581 3970 sufficientem
613 3909 802 3969 exsistentiae
834 3927 905 3970 suae
933 3909 965 3969 in
995 3912 1124 3972 essentia
1153 3931 1206 3974 sua
1235 3911 1325 3976 babet

202 4025 238 4096 (§
260 4014 328 4092 31).
374 4017 578 4088 Quamobrem
600 4025 629 4078 et
650 4018 730 4079 Deus
751 4017 783 4077 in
805 4017 908 4079 eadem
931 4019 1119 4081 exsistentiae
1141 4037 1212 4081 suae
1235 4021 1324 4082 ratio-

202 4145 272 4188 nem
307 4126 504 4188 sufficientem
537 4126 643 4201 habet;
684 4134 901 4205 consequenter
938 4127 1033 4206 posita
1066 4130 1194 4192 essentia
1227 4131 1322 4196 divina

202 4235 326 4314 ponitrn
355 4235 444 4296 simui
473 4235 642 4296 exsistentia
670 4235 765 4314 ipsius
795 4239 828 4310 (9
853 4233 915 4299 118
935 4237 1064 4314 Onici).
1108 4239 1232 4304 Exsistit
1253 4261 1323 4324 erpo

203 4344 451 4423 per·esseutiam
491 4363 585 4406 saram
643 4343 718 4405 Hinc
749 4353 870 4424 apparot
910 4365 964 4408 cur
995 4347 1165 4412 exsisteotia
1200 4352 1252 4414 net
1284 4353 1323 4415 sit
