3260 5058
675 453 759 462 —
814 417 886 486 104
939 455 1022 464 —-··

281 597 313 658 in
334 595 465 658 hominis
487 594 637 670 intellectu
661 597 825 690 suiipsius
848 599 965 672 conscia
988 605 1043 658 est.
1089 597 1175 669 Quod
1198 597 1289 660 homo
1312 599 1407 662 licum

281 706 474 786 intelligendo
507 707 634 788 percipit
667 726 700 768 er
734 707 883 768 essentiali
918 707 1129 768 communione
1161 709 1330 770 communis
1361 710 1408 771 in·

282 815 417 878 tellectus
439 825 501 891 est,
536 817 593 878 hoc
623 825 668 878 est
697 825 821 878 eatenus
850 825 964 878 tautum
995 816 1187 896 intelligendo
1218 817 1309 878 Deum
1340 838 1407 898 per-

282 926 354 1006 cipit
383 934 529 1004 quatenus
559 927 637 988 Deus
667 927 698 988 iu
721 927 841 988 homine
864 924 1058 1004 intelligendo
1080 943 1112 986 se
1142 926 1239 1004 ipsum
1262 929 1404 1010 percipit;

281 1036 449 1098 intellectus
473 1043 518 1097 est
533 1037 712 1096 conscientia
735 1036 828 1118 ipsius
840 1037 904 1112 Dei,
929 1035 1126 1096 simulantem
1141 1033 1206 1114 ejus
1228 1037 1264 1098 dc
1288 1038 1406 1100 homino

281 1145 465 1220 intellectus,
497 1154 526 1206 et
547 1145 599 1206 uei
623 1145 660 1206 de
682 1146 802 1206 homine
831 1146 1000 1206 intellectus
1022 1145 1086 1224 ipse
1116 1145 1247 1206 hominis
1276 1147 1314 1208 de
1344 1148 1405 1208 Deo

281 1255 450 1317 intellectus
482 1263 538 1316 est.
586 1254 722 1316 Hominis
757 1273 841 1315 meus
874 1274 950 1334 quae
982 1255 1050 1318 Dei.
1069 1254 1126 1316 sibi
1160 1256 1298 1318 conscius
1329 1257 1405 1318 nihil

281 1363 361 1428 uliud
385 1372 446 1438 est,
478 1382 566 1443 quam
599 1364 663 1444 ipse
693 1363 743 1424 Dei
779 1364 911 1444 spiritus.
966 1365 1007 1424 Ita
1031 1383 1124 1444 quum
1155 1365 1329 1443 explicatum
1352 1367 1401 1440 sit,

283 1474 432 1554 quomodo
469 1473 591 1534 omniuo
625 1491 710 1534 meus
744 1474 873 1534 humana
905 1474 999 1534 Deum
1033 1473 1222 1552 intelligendo
1250 1473 1401 1552 percipere

281 1583 407 1662 ideoque
418 1582 471 1644 Dei
494 1583 692 1644 exsistentiam
716 1583 774 1643 sibi
800 1583 1031 1644 demonstrando
1054 1584 1228 1644 confirmare
1244 1582 1287 1641 vel
1304 1581 1400 1661 potius

281 1692 427 1772 explicare
449 1693 554 1754 debeat
575 1711 664 1772 porro
688 1692 876 1772 Hegelius
899 1694 936 1752 de
958 1699 1133 1771 argumento
1156 1691 1322 1770 ontologico
1344 1692 1404 1772 agit

280 1801 406 1882 ejusque
438 1802 589 1862 veritatem
622 1803 763 1862 adversus
794 1801 928 1862 Kantii
961 1801 1140 1881 objectiones
1174 1801 1218 1862 sic
1250 1801 1414 1874 detenuit,

282 1911 388 1972 Contra
422 1911 547 1991 primam
581 1911 757 1972 seutentiam
791 1911 891 1990 quod
927 1911 1063 1990 utique
1096 1929 1112 1972 c
1146 1910 1404 1990 perceptione
1447 1909 1449 1913 ’

281 2020 490 2082 intellecta
513 2039 600 2080 esse
623 2027 813 2100 sequatur
836 2020 947 2080 dictum
970 2028 1025 2094 est,
1049 2020 1344 2100 perceptionem
1368 2027 1404 2080 et

281 2150 368 2194 esse
390 2149 556 2210 prorsus
579 2131 685 2190 inter
707 2149 746 2190 se
769 2130 956 2204 differre,
984 2130 1206 2210 perceptionem
1229 2130 1329 2208 itaque
1350 2147 1404 2208 per

278 2259 313 2302 se
335 2248 364 2300 ct
386 2239 545 2299 essentiam
568 2239 713 2298 diversam
738 2257 814 2313 esse,
839 2257 905 2299 esse
928 2239 1123 2313 extrinsecus,
1148 2240 1268 2300 aliunde
1287 2238 1322 2300 ad
1337 2256 1404 2318 per·

281 2347 445 2428 ceptionem
476 2349 614 2409 accedere
644 2348 769 2423 debere,
815 2367 879 2408 esse
909 2350 939 2408 in
970 2349 1160 2428 perceptione
1189 2349 1319 2430 positum
1344 2365 1403 2408 uon

281 2476 358 2519 esse.
403 2458 437 2518 ln
460 2457 610 2518 communi
639 2458 697 2518 vita
728 2457 866 2538 cogitatio
896 2466 1015 2518 centurn
1047 2458 1229 2520 thalerorum
1253 2458 1403 2540 perceptio

279 2576 417 2644 vocatur;
441 2568 493 2628 sed
517 2568 589 2630 haec
611 2587 643 2628 re
665 2587 731 2628 vera
744 2567 893 2647 perceptio
906 2575 1033 2642 nonest,
1058 2585 1159 2630 verum
1176 2567 1272 2646 aliqua
1286 2574 1403 2627 tantum

280 2678 517 2757 comprehensio.
561 2678 648 2738 Notio
671 2697 741 2738 sane
764 2697 844 2738 mera
867 2678 1063 2756 sensibusque
1086 2677 1236 2757 subjecta,
1268 2685 1300 2738 ut
1322 2677 1403 2737 color

280 2788 435 2849 caeruleus
463 2788 509 2849 vel
538 2787 723 2866 cogitationis
753 2787 886 2848 definitio
915 2807 1003 2867 quern
1027 2787 1169 2848 memoria
1193 2795 1279 2848 teneo
1302 2805 1403 2847 essen·

281 2897 338 2958 tiae
360 2915 460 2958 carere
483 2905 589 2976 potest.
635 2897 695 2957 Sed
717 2897 790 2957 haec
812 2897 962 2976 perceptio
985 2896 1109 2956 dicenda
1131 2915 1191 2956 nou
1215 2907 1270 2957 est.
1312 2896 1402 2956 Per-

280 3006 410 3086 ceptio
433 3014 463 3066 et
484 3005 669 3066 absoluta
693 3005 812 3084 quidem
836 3005 1062 3085 perceptio,
1099 3006 1304 3086 perceptio
1327 3024 1343 3066 a
1366 3012 1402 3066 et

279 3135 347 3196 per
376 3135 432 3190 se,
465 3115 670 3194 perceptio
693 3115 759 3175 Dei
784 3133 836 3194 per
854 3134 886 3175 se
905 3115 1049 3175 sumenda
1067 3123 1152 3176 estet
1167 3115 1240 3176 haec
1253 3115 1400 3194 perceptio

279 3244 362 3287 esse
397 3235 429 3286 ut
462 3226 611 3306 propriam
646 3243 729 3286 suam
760 3225 962 3285 definitionem
986 3225 1126 3286 continet.
1172 3225 1246 3285 Esse
1268 3223 1400 3284 definitio

279 3335 477 3414 perceptionis
500 3342 555 3409 est,
579 3335 659 3414 quod
683 3334 800 3395 duobus
823 3334 919 3394 modis
942 3334 1026 3394 facile
1038 3335 1266 3394 demonstratur.
1300 3333 1400 3393 Primo

279 3444 357 3503 enim
382 3444 532 3522 perceptio
555 3444 723 3504 immediate
752 3444 809 3503 hoc
831 3444 1002 3504 universum
1026 3449 1088 3513 cst,
1124 3443 1202 3521 quod
1236 3461 1269 3503 se
1301 3441 1399 3520 ipsum

279 3553 392 3627 definit,
417 3553 589 3632 distinguit,
618 3553 667 3612 hic
688 3559 772 3628 actus
791 3553 942 3631 judicandi
967 3560 1051 3612 etse
1074 3551 1274 3632 distinguendi
1298 3561 1326 3612 et
1349 3551 1400 3612 de-

278 3659 400 3722 finiendi
424 3668 453 3720 et
475 3661 749 3721 determinationem
772 3661 899 3740 ponendi
924 3670 953 3722 et
974 3662 1050 3721 hanc
1073 3679 1156 3721 suam
1180 3660 1398 3721 determinatio-

278 3789 346 3830 nem
370 3769 493 3829 tolleudi
527 3779 555 3830 et
588 3771 644 3830 hac
672 3770 787 3831 sublata
821 3778 970 3850 tamquam
1005 3770 1062 3831 sibi
1096 3770 1152 3850 ipsi
1185 3771 1264 3831 idem
1294 3779 1324 3831 et
1345 3789 1399 3850 par

279 3878 471 3939 subsistendi.
518 3879 596 3938 Haec
628 3886 673 3938 est
706 3878 854 3957 perceptio
887 3880 916 3939 iu
950 3879 1121 3941 uuiversum
1155 3879 1216 3940 sive
1249 3879 1397 3960 perceptio

279 3987 331 4048 [tei
355 3987 415 4048 sive
445 3987 577 4048 absoluta
609 3988 769 4066 perceptio.
816 3988 895 4048 Deus
925 3988 953 4047 id
977 3989 1075 4067 ipsum
1098 3997 1152 4049 est.
1198 3989 1300 4049 Deus
1323 3997 1397 4048 tam·

279 4115 368 4176 quam
402 4097 575 4176 spiritus
608 4105 637 4157 ot
669 4113 770 4157 amor
802 4097 858 4157 hoc
887 4105 933 4158 est
962 4098 1041 4176 quod
1066 4097 1142 4158 [iens
1172 4117 1204 4158 se
1230 4097 1394 4176 distinguit,

279 4205 385 4266 Filium
409 4216 546 4286 generat,
580 4206 725 4268 muudum
748 4213 845 4282 creat,
876 4205 956 4268 aliud
978 4207 1035 4285 ipsi
1058 4205 1225 4285 oppositum
1249 4206 1278 4267 in
1302 4225 1396 4285 eoque

162 4400 165 4408 ,
280 4334 312 4375 se
334 4315 432 4394 ipsum
447 4316 546 4392 habet,
571 4315 706 4394 sibiipsi
729 4315 807 4377 idem
831 4325 860 4376 et
882 4335 935 4396 par
957 4324 1011 4377 est.
1052 4315 1189 4377 Secundo
1212 4315 1393 4395 quaerimus
