3278 5044
689 457 1009 523 ,-6,-.

289 655 378 699 mune
408 645 454 699 est
482 635 631 700 ilnxum
661 655 693 698 re
722 655 789 697 vera
812 643 841 697 et
871 637 1065 698 mutabile
1088 646 1143 701 est.
1189 640 1223 701 ll.
1249 659 1277 720 g.
1303 655 1408 700 sonum

288 747 435 825 quendam
458 745 548 808 tibiae
570 757 621 808 aut
643 755 748 808 cantus
770 747 871 826 plures
894 747 984 808 sirnnl
1007 748 1145 808 homines
1168 750 1313 825 atrdiunt3
1344 750 1410 830 qui-

288 859 355 920 dam
378 873 482 918 eonrm
504 857 555 937 qui
577 855 682 918 audire
706 873 774 918 eum
798 857 908 932 voluit,
932 873 1000 918 sero
1022 857 1112 931 venit,
1138 877 1232 937 quum
1252 859 1315 938 jam
1338 859 1409 921 tibia

288 968 333 1030 rel
355 975 460 1029 cantus
484 965 645 1042 conticuit;
691 966 742 1027 ille
773 967 901 1028 eundem
924 985 1031 1028 sonum
1055 985 1144 1046 quem
1168 969 1256 1028 ceteri
1281 969 1410 1048 amplius

286 1077 390 1140 andire
413 1097 472 1138 non
495 1085 603 1157 potest.
650 1077 700 1137 Sic
722 1077 802 1156 quod
832 1095 939 1138 sensns
969 1077 1064 1138 nostri
1087 1077 1245 1156 adtingunt
1267 1079 1296 1138 id
1319 1097 1409 1140 ornne

287 1189 352 1250 loco
382 1187 427 1249 rel
457 1187 603 1268 temporis
632 1187 727 1267 spatio
757 1187 895 1248 terminis
924 1187 1182 1266 circumscriptum
1213 1195 1267 1248 est.
1321 1190 1407 1262 Orroei

287 1299 378 1379 igitur
406 1299 442 1360 dc
472 1299 677 1379 corporalibus
706 1299 796 1360 rebus
826 1317 885 1360 non
915 1317 1075 1380 possumus
1104 1299 1214 1360 sentire
1244 1300 1333 1361 ambo
1355 1302 1407 1361 sert

287 1407 416 1488 singuli,
452 1409 509 1470 nisi
541 1411 620 1490 quod
651 1410 690 1472 ita
719 1412 751 1470 lit
781 1417 933 1484 nostrum,
970 1419 1003 1470 ut
1024 1411 1081 1472 hoc
1110 1410 1141 1470 in
1163 1427 1218 1470 nos
1241 1417 1355 1470 vertere
1377 1419 1407 1471 et

287 1529 470 1582 commutare
502 1521 651 1600 possimus
681 1520 711 1581 id
742 1521 947 1600 proprium
982 1521 1198 1600 unicuique
1226 1525 1404 1580 nostrum

287 1639 333 1692 est
365 1639 394 1693 et
427 1632 472 1692 ad
506 1650 689 1693 sensuum
730 1641 959 1692 nostrornm
998 1640 1175 1692 naturam
1209 1628 1401 1708 pertinet.

287 1743 370 1814 Quae
393 1751 491 1804 autem
518 1761 577 1804 non
600 1749 817 1804 commutamus
840 1749 870 1802 et
891 1749 988 1802 tamen
1013 1741 1157 1803 sentimus
1172 1739 1321 1820 corporeis
1337 1755 1404 1798 scn-

286 1851 380 1926 sibus,
405 1871 465 1914 non
485 1853 634 1924 pertinent
654 1853 689 1913 arl
711 1861 844 1914 naturam
865 1869 1007 1913 sensuum
1027 1859 1198 1913 nostrornm
1211 1859 1239 1911 et
1251 1857 1404 1930 propterea

286 1961 408 2038 magis
430 1961 545 2020 nobis
567 1969 658 2021 sunt
680 1960 918 2035 communia,
946 1961 1015 2039 quia
1039 1962 1068 2022 in
1093 1971 1230 2023 nostruin
1253 1958 1406 2040 proprium

285 2077 313 2130 et
343 2070 427 2147 quasi
458 2068 603 2148 privatum
636 2087 695 2128 non
725 2075 880 2128 vertuntur
902 2077 931 2129 et
958 2077 1121 2131 mutantur.
1169 2071 1200 2130 Si
1224 2080 1322 2130 autem
1347 2088 1408 2129 ra-

284 2177 431 2240 tionem
464 2179 666 2238 humanam
700 2177 942 2251 cousideremns,
988 2179 1180 2240 inveniuntur
1209 2179 1300 2238 multa
1331 2197 1407 2256 quaa

286 2305 419 2349 omnes
452 2287 749 2348 ratiocinantes
782 2303 834 2346 sua
865 2287 993 2366 quisque
1016 2295 1114 2347 mente
1143 2287 1407 2348 communiter

284 2399 401 2472 rident,
447 2415 538 2477 quum
568 2397 617 2458 illa
647 2415 722 2476 quae
753 2397 892 2458 videntur
921 2404 1039 2477 praesto
1069 2395 1128 2457 sint
1158 2395 1299 2456 omnibns
1322 2415 1349 2456 e.
1373 2415 1402 2476 g.
1483 2405 1488 2416 ’

284 2511 435 2570 veritas
468 2515 498 2568 et
533 2508 636 2569 ratio
677 2527 929 2570 numerorum
962 2525 1078 2568 necnon
1112 2507 1310 2587 sapientia
1344 2507 1406 2568 sira

283 2619 432 2682 veritas
455 2621 491 2682 in
515 2639 585 2701 qua
609 2621 788 2683 cernitur
809 2629 846 2682 et
869 2627 1028 2683 tenetur
1049 2637 1234 2681 summurn
1259 2618 1402 2681 bonum.

284 2732 367 2803 Quae
379 2739 408 2792 et
424 2732 453 2792 in
469 2732 620 2810 Scriptura
638 2751 719 2792 sacra
737 2739 958 2810 comparantur,
984 2751 1075 2810 quum
1090 2729 1264 2807 (Ecclesiast
1274 2729 1337 2804 vn,
1348 2725 1405 2800 26)

284 2841 372 2900 dicit:
403 2837 534 2901 ¹Circuiri
557 2859 611 2917 ego
633 2849 663 2900 et
685 2859 873 2910 cormeum,
898 2850 932 2902 ut
954 2841 1061 2900 scirem
1084 2851 1113 2900 et
1135 2840 1353 2900 considerarem
1376 2846 1407 2899 et

283 2965 455 3027 quiaererem
478 2947 652 3026 sapientiam
683 2955 714 3008 et
736 2967 903 3011 numerum.
953 2949 1030 3008 llaec
1057 2956 1126 3012 sunt
1154 2948 1406 3026 incorrupti-

286 3056 383 3119 bilia
406 3065 443 3119 ct
465 3057 811 3118 incommutabilia
835 3077 942 3133 vera,
977 3075 1053 3137 quae
1079 3057 1242 3135 aequaliter
1264 3057 1410 3118 omnibus

284 3187 316 3231 se
339 3165 499 3250 praebent,
534 3187 611 3248 quae
642 3187 737 3249 nsque
763 3169 829 3230 loco
856 3187 953 3248 neque
983 3167 1128 3247 temporis
1158 3165 1255 3246 spatio
1277 3166 1405 3228 circum-

285 3281 468 3356 scribuntur,
493 3299 548 3342 nec
570 3299 661 3362 quum
686 3281 715 3342 in
739 3281 777 3342 iis
799 3281 957 3362 quisquam
980 3279 1091 3341 tallitur
1110 3278 1173 3358 ipsa
1193 3277 1336 3339 deliciunt
1352 3279 1404 3339 sed

285 3409 350 3452 vera
373 3403 403 3453 et
425 3394 537 3473 integra
561 3401 735 3473 permanent
749 3391 790 3471 ⁷).

368 3499 422 3560 His
445 3503 549 3580 positis
572 3512 661 3580 atque
691 3505 843 3564 concessis
865 3503 1048 3580 Augustinus
1070 3501 1146 3560 viam
1169 3499 1226 3558 sibi
1249 3507 1405 3578 aperuerat
1435 3477 1437 3481 ι

283 3609 319 3670 ad
342 3615 550 3686 argumentum
574 3629 628 3688 pro
650 3611 704 3670 Dei
727 3611 896 3672 exsistentia
919 3609 1158 3686 proponendum,
1183 3609 1263 3684 quod
1280 3609 1327 3670 his
1344 3611 1404 3670 lere

282 3717 380 3780 verbis
403 3715 527 3795 explicat
541 3714 577 3790 ⁸).
623 3717 812 3795 Quapropter
834 3717 916 3776 nullo
938 3715 1027 3774 modo
1050 3716 1218 3792 negaveris,
1244 3737 1331 3780 esse
1352 3719 1404 3779 in-

283 3823 601 3888 commutabilem
625 3825 835 3886 veritatcm
858 3822 1054 3882 haecomnia
1078 3826 1403 3904 quaeincomrnutabi·

283 3937 351 3999 liter
372 3957 438 3998 rera
462 3943 532 3997 sont
554 3935 776 4008 continentum,
812 3951 900 4012 quarn
923 3951 983 3994 non
1014 3937 1111 4015 possis
1134 3937 1233 4000 rliccre
1256 3945 1336 3996 tuam
1356 3934 1402 3993 rel

351 4257 381 4321 l)
399 4255 431 4306 cl.
452 4255 469 4305 l.
491 4271 512 4304 c.
533 4269 587 4320 cup.
608 4253 734 4305 vlt-xt.

352 4385 380 4448 8)
400 4383 431 4432 ct.
453 4381 470 4431 l.
492 4397 513 4431 c.
534 4395 587 4448 cup.
608 4379 748 4432 Xll—XV.
