3236 5076
664 1424 820 1504 CAPUT
849 1423 878 1504 l.

206 1673 209 1678 ·
237 1645 311 1709 lude
334 1643 374 1708 ab
397 1639 624 1722 antiquisslnls
646 1637 807 1718 rellglunls
830 1635 1025 1702 thrlstlanae
1048 1635 1185 1702 saeculis
1208 1649 1305 1715 usque

507 1751 551 1814 'ad
573 1748 745 1814 luselnun
768 1745 1030 1812 cantuariensem.

722 1935 819 1944 ..-

207 2077 208 2082 ’
294 2052 380 2148 inter
409 2085 612 2166 philosophica
645 2085 681 2146 aul
711 2085 764 2146 Dei
794 2083 995 2145 exsistentiam
1026 2082 1210 2164 probandam
1243 2059 1331 2161 argu-

210 2205 307 2258 menta
332 2215 482 2257 summum
513 2195 598 2256 lacile
621 2201 652 2256 et
673 2195 879 2275 gravissimum
903 2202 948 2254 est
974 2194 1004 2257 id
1027 2194 1107 2274 quod
1131 2192 1333 2272 ontologi-

210 2327 291 2368 eum
315 2307 489 2386 appellatur,
514 2306 592 2385 quod
616 2304 877 2366 numenlliuiuum
901 2323 960 2364 non
984 2304 1081 2364 solum
1104 2303 1273 2364 necessario
1291 2303 1332 2363 'ab

209 2417 383 2478 lnonrinibus
406 2416 596 2495 cogitandum
613 2434 679 2476 esse
695 2415 747 2475 sed
767 2415 856 2476 etiam
876 2423 956 2475 extra
975 2414 1168 2494 cogitationes
1187 2413 1332 2473 humanas

209 2546 276 2586 vere
298 2517 332 2587 ab
354 2526 474 2586 realiter
496 2525 638 2586 exsistere
661 2544 677 2584 e
700 2524 763 2584 sola
785 2523 922 2584 rationali
940 2524 1016 2584 eutis
1035 2523 1243 2602 perfectissimi
1267 2522 1332 2582 idea

211 2635 413 2694 demonstrare
436 2643 571 2694 conatur.
608 2633 673 2703 Quo
695 2639 793 2692 tameo
806 2638 982 2710 argumento
994 2632 1127 2710 priorum
1145 2633 1332 2693 saeculorum

212 2742 447 2803 Christianorum
488 2741 618 2820 theologi
659 2749 747 2821 atque
782 2741 950 2820 philosophi
985 2741 1138 2802 rarissime
1170 2741 1217 2802 usi
1251 2751 1331 2816 sunt,

211 2852 296 2932 cujus
319 2852 362 2912 rei
392 2851 467 2912 ratio
498 2851 577 2912 haud
607 2849 727 2912 difficile
757 2851 880 2930 intelligi
911 2859 1017 2931 potest.
1063 2853 1136 2914 Nam
1167 2851 1335 2913 interillos

209 2962 358 3036 homines,
383 2961 561 3041 quibuscum
585 2961 801 3040 antiquissimis
826 2961 976 3041 religionis
1000 2962 1185 3023 Christianae
1208 2961 1334 3023 addictis

210 3081 359 3134 certamen
384 3081 462 3146 erat,
488 3090 547 3132 non
570 3072 631 3132 lere
654 3071 898 3146 inveniebantur,
931 3072 982 3151 qui
1006 3071 1127 3132 omniuo
1150 3072 1244 3132 Deum
1268 3091 1334 3132 esse

211 3191 363 3261 negarent.
409 3183 425 3243 J
435 3182 549 3242 udaci
579 3182 658 3242 enim
683 3182 860 3243 Christianis
889 3181 926 3242 ab
956 3182 993 3242 iis
1015 3201 1117 3242 uerum
1142 3181 1234 3242 lleum
1259 3181 1335 3259 opti-

212 3310 293 3351 rnum
317 3291 479 3351 maximum
503 3309 562 3350 non
586 3291 682 3369 patrio
710 3309 792 3350 nrore
815 3299 844 3350 et
859 3291 952 3368 quasi
976 3290 1030 3350 rite
1053 3291 1109 3350 coli
1133 3298 1162 3350 et
1183 3290 1254 3350 lesu
1277 3291 1334 3350 Na·

211 3418 331 3472 narseo,
366 3398 417 3477 qui
441 3398 514 3458 salso
544 3417 576 3458 se
598 3397 736 3458 Messinm
760 3397 832 3477 quin
857 3398 944 3458 etiam
968 3398 1021 3458 Dei
1044 3397 1138 3458 hlium
1162 3415 1228 3459 esse
1251 3417 1335 3478 prae·

212 3508 362 3582 dicaverit,
386 3507 480 3568 iidem
498 3506 599 3567 haberi
623 3507 850 3586 exprobrabant.
897 3507 1012 3580 Quibus
1035 3508 1126 3587 igitur
1147 3508 1334 3588 probandum

212 3627 276 3679 erat
298 3625 326 3678 et
348 3619 449 3679 lesum
473 3637 572 3679 verum
588 3617 753 3678 hbrahamo
772 3617 833 3698 jann
857 3619 951 3678 abeo
973 3619 1152 3698 promissum
1176 3628 1204 3680 et
1227 3639 1242 3680 a
1266 3639 1334 3699 pro-

211 3728 310 3808 phetis
340 3728 538 3808 praedicatum
562 3727 699 3789 Messium
729 3747 795 3789 esse
825 3737 854 3790 et
880 3747 938 3790 uon
970 3737 1120 3790 externam
1151 3729 1231 3790 illam
1260 3729 1334 3810 legis

211 3837 357 3898 blosaieae
380 3838 598 3918 impletionem,
623 3839 675 3899 sed
698 3839 787 3899 fidem
810 3839 891 3902 intus
914 3839 944 3900 in
968 3839 1126 3914 cordibus,
1151 3859 1227 3919 qnae
1249 3859 1335 3901 verae

210 3947 329 4008 virtutis
369 3949 436 4008 lons
470 3948 554 4026 quasi
587 3948 826 4028 principiumque
867 3949 906 4009 sit
939 3949 1031 4010 solam
1065 3949 1202 4010 homines
1235 3969 1335 4011 eoram

210 4057 272 4118 Deo
298 4057 462 4137 justificare
485 4064 513 4117 et
543 4057 645 4118 beatos
674 4058 798 4120 reddere
828 4077 927 4139 posse.
980 4061 1013 4120 Α.
1046 4059 1212 4138 Paganis
1235 4069 1333 4121 autem

212 4168 374 4228 Christiani
396 4164 608 4246 arguebantur,
633 4174 696 4228 turn
719 4168 798 4247 quod
811 4168 940 4230 Deorum
960 4169 1075 4230 cultum
1095 4169 1185 4248 impie
1206 4169 1335 4249 neghge·

212 4257 281 4336 rent
312 4283 377 4339 tum
410 4276 490 4356 quod
523 4275 612 4337 vitam
647 4295 731 4336 suam
765 4276 956 4362 clandestinis
986 4278 1064 4339 vitiis
1086 4279 1332 4340 contaminarent.

213 4386 265 4447 llis
298 4385 388 4465 igitur
420 4385 493 4447 illud
533 4385 723 4467 potissimum
763 4386 1028 4448 demonstrandum
1069 4407 1134 4448 esse
1167 4388 1332 4460 videbatur,

1133 4487 1166 4537 1*
