3260 5058
689 429 1012 499 ...Sti-..-

286 609 538 692 propositionem:
583 629 651 673 ens
693 613 969 677 necessarium
1014 617 1115 694 (sive
1150 619 1407 699 perfectissi-

285 725 404 796 mum)
427 739 502 783 non
524 740 564 784 re
585 741 674 785 vera
698 723 858 785 exsistit
879 726 1002 805 cogitari
1025 746 1085 788 nou
1108 747 1207 808 posse,
1231 729 1300 808 quia
1323 748 1407 809 prae-

285 829 415 892 dicatum
445 831 548 912 utique
577 833 712 914 subjecto
744 843 905 914 repugnat3
940 853 1010 915 ergo
1043 839 1190 900 contraria
1223 839 1404 920 propositio:

284 958 353 1001 ens
386 943 658 1005 necessarium
692 961 732 1004 re
765 961 853 1008 vera
880 945 1045 1008 exsistit
1072 947 1109 1008 ab
1133 949 1213 1010 omni
1237 957 1305 1010 ente
1327 949 1407 1028 cogi-

283 1057 363 1112 tante
385 1052 478 1132 accipi
502 1052 598 1114 debet.
643 1055 708 1114 lam
738 1072 885 1116 summam
916 1055 1131 1135 disquisitionis
1161 1067 1280 1120 nostrae
1303 1059 1406 1139 paucis

283 1159 380 1221 verbis
403 1161 587 1240 colligamus.
622 1161 661 1223 Ut
684 1163 883 1225 exsistentiam
906 1163 1033 1244 alicujus
1055 1167 1098 1226 rei
1120 1169 1234 1229 ratione
1256 1169 1406 1230 affirmare

282 1269 433 1348 possimus
456 1271 520 1350 ejus
536 1279 566 1332 et
586 1271 733 1333 veritas
755 1280 784 1332 et
806 1291 948 1336 summa
971 1274 1130 1336 bonitas
1154 1277 1219 1338 data
1233 1279 1271 1338 sit
1284 1297 1407 1340 necesse

283 1385 343 1454 est,
379 1378 460 1440 illam
493 1379 734 1442 intellectus
773 1381 850 1443 banc
882 1384 1154 1463 comprobatio
1186 1394 1324 1447 nostra
1357 1407 1406 1448 re-

282 1487 431 1569 quirn’).
476 1489 590 1551 Veritas
613 1509 677 1552 eam
701 1492 869 1568 notionem,
894 1513 970 1573 quae
993 1495 1115 1574 cogitari
1138 1503 1236 1575 potest
1258 1503 1287 1556 et
1309 1496 1405 1556 modi-

281 1597 449 1660 ficationem
473 1600 619 1662 essentiae
641 1601 798 1681 cogitantis
821 1603 919 1664 reddit
940 1603 1039 1683 itaque
1058 1605 1216 1666 essentiam
1238 1605 1265 1666 ei
1287 1605 1333 1666 vel
1355 1625 1406 1666 ex-

282 1709 448 1771 sistentiam
478 1711 665 1790 cogitationis
697 1712 809 1774 tribuit.
855 1714 977 1775 Summa
1000 1713 1117 1776 bonitas
1138 1733 1201 1775 rem
1225 1733 1289 1775 eam
1315 1714 1405 1776 efficit

280 1827 369 1898 atque
402 1839 435 1880 re
467 1839 535 1882 vera
558 1822 760 1886 exsistentiam
783 1823 808 1884 ei
832 1822 946 1884 tribuit.
996 1823 1148 1903 Quidquid
1167 1831 1224 1884 est
1251 1824 1403 1885 veritatem

280 1947 485 2009 summamque
507 1931 668 1992 bonitatem
691 1933 789 2008 habet,
815 1932 892 1994 sicut
914 1933 1058 2013 quidquid
1075 1935 1226 1996 veritatem
1243 1953 1404 1996 summam-

279 2057 337 2117 que
366 2038 528 2100 bouitatem
559 2023 691 2102 continet
720 2042 807 2102 etiam
831 2061 952 2103 revera
980 2044 1104 2105 exsistit.
1150 2045 1223 2105 Res
1246 2044 1403 2105 contin·

279 2158 417 2226 gentes
440 2149 649 2209 veritatem
672 2149 792 2227 quidem
816 2169 891 2228 quae
910 2158 943 2211 ut
962 2151 1083 2230 cogitari
1102 2153 1219 2231 possint
1235 2153 1402 2214 necessario

278 2255 454 2336 postulatur,
480 2275 539 2316 non
556 2275 624 2317 vero
641 2257 781 2317 omuibus
797 2259 956 2319 momentis
978 2278 1160 2321 summam
1183 2261 1318 2323 bonita
1330 2272 1401 2324 tem

278 2363 399 2426 habeut.
445 2365 574 2427 Possunt
595 2365 694 2446 itaque
716 2365 875 2446 tamquam
898 2386 1022 2430 merae
1045 2370 1318 2449 cogitationes
1341 2373 1401 2436 sive

279 2475 416 2537 notiones
445 2475 506 2537 sive
535 2477 771 2538 modificationes
800 2477 945 2540 esseutiae
979 2477 1136 2558 cogitantis
1167 2481 1231 2541 siue
1260 2500 1327 2542 vera
1357 2481 1400 2542 rai
1446 2549 1449 2553 ,

277 2585 446 2648 exsistentia
470 2587 604 2667 cogitari.
641 2587 738 2659 Quum
763 2595 878 2649 mutum
900 2591 1115 2651 secuudum
1139 2591 1232 2670 quid
1256 2591 1400 2670 optimum

277 2698 338 2758 sint
365 2717 433 2759 vera
463 2698 506 2759 rei
540 2699 709 2758 exsistentia
739 2698 775 2758 ab
806 2699 862 2760 bac
891 2699 1061 2761 conditione
1094 2701 1250 2780 dependet.
1302 2701 1400 2772 Quum

276 2808 408 2888 primum
430 2815 580 2867 momenta
610 2807 670 2867 sive
700 2808 845 2886 temporis
873 2827 908 2869 ac
937 2809 994 2869 loci
1024 2809 1208 2871 conditiones
1238 2810 1398 2890 postulant,

277 2924 311 2978 ut
333 2935 382 2976 res
405 2915 583 2994 contingens
606 2933 753 2976 summam
776 2925 952 2995 assequatur
970 2917 1142 2991 bonitatem,
1167 2919 1400 2999 quamprimum

276 3023 384 3086 alicubi
408 3031 436 3084 et
458 3023 618 3103 aliquando
641 3025 789 3104 optimum
811 3025 854 3099 dt,
879 3043 911 3085 re
934 3043 999 3086 vera
1023 3027 1213 3106 progignitur
1234 3037 1264 3090 et
1286 3029 1399 3090 notioni

276 3153 342 3210 rm,
378 3133 568 3195 exsistentiae
598 3133 787 3213 cogitationis
816 3153 883 3195 vera
912 3135 1084 3196 exsistentia
1107 3139 1277 3216 respondet.
1323 3138 1399 3199 Ens

274 3263 344 3306 veru
366 3243 638 3306 necessarium
668 3263 722 3323 per
744 3263 776 3305 se
799 3244 895 3324 ipsum
922 3247 1263 3326 perfectissimum
1286 3256 1347 3324 est,
1382 3267 1398 3309 a

275 3355 435 3416 momentis
448 3362 478 3416 et
494 3353 716 3415 conditionibus
734 3373 795 3414 non
808 3355 954 3434 dependet
962 3375 970 3432 ;
995 3375 1055 3417 uon
1076 3355 1174 3417 omnia
1194 3356 1291 3417 solum
1313 3357 1344 3417 in
1367 3375 1399 3418 sc

275 3465 417 3540 continet,
442 3483 517 3544 quae
540 3471 574 3524 ut
596 3463 719 3542 cogitari
742 3472 831 3542 queat
851 3467 1058 3544 postulantur,
1083 3467 1134 3527 sed
1157 3465 1194 3526 ab
1217 3483 1399 3545 unoquoque

275 3574 362 3634 etiam
387 3583 454 3633 ente
470 3574 617 3653 cogitante
632 3579 784 3652 tamquam
807 3592 896 3634 vere
919 3575 1122 3636 exsistens
1145 3575 1267 3654 cogitari
1290 3573 1396 3648 debet;

274 3689 425 3760 tamquam
448 3681 532 3741 notio
562 3682 627 3742 sine
659 3682 758 3743 revel
789 3682 967 3742 modificatio
997 3683 1061 3744 siue
1083 3684 1204 3764 propria
1227 3683 1397 3744 exsistentia

274 3792 320 3854 rel
342 3811 390 3853 res
412 3790 563 3872 possibilis
593 3791 658 3852 sine
679 3791 803 3852 veritate
832 3792 935 3872 utique
957 3792 1081 3873 intelligi
1104 3794 1223 3874 nequit,
1259 3793 1312 3854 sed
1334 3811 1397 3854 om·

342 4030 371 4094 2)
390 4029 421 4078 ol.
442 4028 557 4096 praelect
573 4027 639 4081 Vlll.
667 4027 775 4078 Axioma
792 4027 841 4080 Vl:
872 4028 953 4092 Igitur
970 4029 991 4080 si
1010 4029 1135 4080 notionem
1152 4031 1174 4080 Α
1191 4045 1252 4080 vere
1271 4028 1395 4078 exsistere

275 4116 391 4176 dicimus,
429 4119 515 4167 Aaut
532 4131 587 4166 earu
606 4115 637 4166 ab
660 4131 761 4166 causatu
787 4132 848 4166 vere
875 4117 988 4175 exsistit,
1019 4117 1077 4182 quia
1099 4116 1147 4166 nisi
1174 4132 1228 4166 oum
1252 4117 1299 4164 boc
1323 4129 1397 4182 prae·

275 4199 359 4250 dicata
376 4199 483 4263 eogitari
502 4199 588 4264 nequit
605 4206 649 4248 aut
667 4199 725 4264 quia
745 4199 821 4249 aliter
844 4200 978 4266 approbari
996 4206 1023 4249 ct
1039 4199 1139 4249 laudari
1156 4213 1204 4248 non
1222 4205 1312 4265 potest.
1350 4195 1396 4248 Vll

235 4304 236 4308 ¹
274 4283 295 4333 E
314 4283 410 4333 duabus
428 4299 492 4348 quae
511 4299 590 4349 aeque
609 4283 758 4348 cogitabiles
783 4283 824 4334 vel
847 4284 979 4352 possibiles
1004 4291 1061 4334 suut
1078 4283 1154 4334 rebus
1172 4298 1203 4334 ea
1222 4289 1316 4333 tautum
1334 4297 1395 4333 vere

274 4368 398 4419 exsistere
417 4375 508 4435 potest,
531 4384 595 4434 quae
614 4376 653 4419 est
671 4369 771 4436 optima.
