3260 5058
624 501 709 511 --
762 461 830 530 rer
887 499 970 510 ---

236 643 427 718 stantiorem,
462 662 552 723 quam
583 643 641 724 ipsi
679 643 758 705 inest
796 642 1022 705 subsistentiam
1055 642 1144 704 nobis
1175 643 1359 706 attribuisset

236 753 317 832 quod
339 751 420 813 nulla
443 752 559 814 ratione
581 753 703 832 cogitari
727 761 834 832 potest.
880 755 924 814 dn
942 771 959 813 a
974 741 1281 833 parentibusnostris‚
1306 753 1358 833 qui

237 880 310 922 sane
332 869 431 922 monte
453 862 500 924 sui
522 861 617 941 ipsius
639 863 768 937 conscia,
794 861 845 923 sed
868 880 962 942 aeque
983 880 1018 923 ac
1040 879 1095 923 nos
1117 861 1174 942 ipsi
1189 861 1310 922 definita
1330 870 1359 923 et

237 970 407 1050 imperfecta
430 972 557 1050 praediti
580 970 723 1033 suerunt?
755 972 791 1032 At
812 979 875 1032 tum
899 989 1004 1032 rursus
1026 971 1159 1051 quaestio
1182 971 1310 1046 rediret,
1342 989 1359 1033 a

238 1099 365 1160 quonam
389 1089 526 1160 parentes
549 1081 638 1142 creati
651 1081 712 1142 sint
723 1088 753 1142 et
764 1081 808 1142 sic
823 1087 903 1142 retro
915 1099 1057 1160 quaerere
1069 1099 1129 1142 non
1142 1081 1356 1156 desineremus,

238 1189 334 1253 donec
351 1189 470 1252 tandem
489 1191 525 1251 ed
545 1199 709 1252 creatorem
732 1190 806 1270 ipsis
829 1190 973 1252 creaturis
996 1190 1060 1252 suis
1090 1190 1171 1269 quod
1193 1191 1301 1252 attinet
1322 1191 1359 1252 ad

238 1299 459 1364 subsistentiam
482 1299 674 1364 excelsiorem
697 1309 727 1362 et
748 1302 954 1380 perfectiorem
974 1301 1196 1380 perveniremus
1219 1309 1249 1361 et
1270 1300 1300 1361 in
1325 1319 1360 1361 eo

237 1410 356 1472 demum
368 1411 664 1490 ratiorequiesoeret.
699 1411 895 1474 Manifestum·
904 1411 995 1489 igitur
1007 1419 1061 1486 est,
1086 1410 1216 1490 aliquam
1230 1418 1359 1471 mentem

235 1519 281 1580 sui
304 1519 399 1598 ipsius
421 1521 569 1580 consciam
593 1527 623 1580 et
645 1537 710 1579 eam
733 1519 868 1580 absolute
898 1521 1057 1596 perfectam
1087 1520 1229 1580 exsistere
1251 1497 1281 1580 et
1303 1519 1360 1580 hoc

236 1627 334 1704 ipsum
358 1645 412 1686 ens
441 1634 520 1686 recte
542 1627 637 1686 Deum
667 1626 821 1704 appellari.
866 1626 1042 1704 Priusquam
1071 1635 1170 1687 autem
1200 1627 1277 1687 hanc
1299 1645 1360 1688 me·

238 1732 343 1794 teriam
367 1733 555 1794 absolvamus
576 1741 800 1812 argumentum,
832 1735 911 1813 quod
934 1734 1062 1815 amplius
1084 1752 1173 1814 supra
1196 1735 1360 1814 explanavi·

239 1859 306 1902 rnus
340 1841 444 1902 usitata
478 1841 550 1902 artis
583 1841 696 1921 logicae
729 1842 855 1904 formula
893 1843 1021 1904 breviter
1053 1861 1219 1924 proponere
1252 1844 1357 1924 placet.

239 1948 312 2012 Erat
333 1947 450 2028 itaque:

328 2074 539 2173 Proposz‘te'o
565 2078 704 2172 major:
742 2078 884 2150 Numen
916 2077 1074 2150 descitum
1107 2093 1163 2151 est
1187 2106 1249 2151 ens
1270 2107 1360 2178 per-

743 2195 988 2290 festissimum.

330 2311 537 2410 Propositus
563 2313 702 2385 minor:
740 2314 906 2386 Summus
932 2316 1108 2388 essentiae
1136 2315 1274 2414 qrudus
1307 2331 1363 2389 est

746 2457 843 2501 ruens
868 2432 1068 2528 suiipsius
1095 2433 1248 2503 conscia.

332 2539 543 2611 Conclusio:
581 2545 683 2637 Erqo
724 2545 827 2613 Deus
860 2545 1129 2640 perfectesse'mu
1167 2574 1264 2618 mens
1301 2549 1364 2619 sui

749 2657 863 2756 speeies
889 2659 1033 2730 conseia
1059 2674 1123 2731 est.

670 3079 828 3162 CAPUT
856 3081 920 3162 111.

452 3292 664 3372 respondetur
686 3295 727 3358 ud
748 3293 913 3360 nomuttas
936 3293 1141 3374 objectiones.

750 3479 849 3490 *-

324 3590 510 3670 Quemquam
533 3594 682 3656 confidere
704 3613 765 3656 non
788 3594 974 3671 dubitamus,
1004 3597 1067 3657 tore
1091 3604 1123 3658 ut
1145 3596 1357 3661 demonstratio

239 3706 340 3760 nostra
356 3701 393 3762 ad
409 3701 649 3780 persuadendum
666 3704 835 3766 firmissima
852 3704 900 3777 sit,
925 3705 1004 3766 haud
1021 3705 1101 3766 leves
1113 3713 1212 3768 tamen
1223 3709 1357 3788 scruputi

239 3827 255 3870 a
277 3809 348 3872 viris
371 3810 466 3872 doctis
487 3810 636 3890 hujusque
658 3813 841 3892 quaestionis
862 3813 967 3893 peritis
996 3814 1086 3894 objici
1114 3814 1201 3876 nobis
1223 3825 1354 3896 possent,

239 3936 314 3998 quos
356 3937 544 3998 nequaquem
585 3921 864 3998 praetermittendos
903 3939 979 3984 esse.
1009 3924 1222 3985 existimamus.
1277 3925 1357 3988 Duas

238 4027 398 4107 praecipue
421 4027 604 4108 objectiones
626 4029 657 4090 in
681 4029 782 4092 animo
803 4031 958 4108 hebemus,
982 4049 1108 4111 quarum
1130 4033 1356 4112 responsionem

238 4135 383 4198 hocloco
405 4137 567 4218 anticipare
589 4137 678 4213 iihet3
709 4138 855 4217 reliquas,
887 4135 963 4219 q'uae
985 4139 1064 4201 ultro
1086 4139 1212 4220 proferri
1234 4151 1358 4221 possent

240 4253 273 4306 ut
293 4245 393 4308 minus
414 4263 518 4326 graves
539 4253 569 4308 et
589 4245 675 4308 facile
697 4245 852 4308 diluendas
874 4247 923 4308 hic
945 4247 1125 4311 omittemus.
1164 4249 1257 4329 Igitur
1278 4251 1360 4315 dicet

238 4355 364 4436 atiquis:
399 4363 440 4418 tu
468 4354 588 4417 Deum
616 4373 799 4418 summam
828 4366 994 4418 mentem
1023 4357 1085 4418 sui
1114 4357 1244 4438 ipsius
1265 4378 1356 4424 con·
