3260 5058
666 401 989 521 -esss-

271 629 411 706 debetur,
445 629 579 710 adeoque
609 647 710 698 earum
737 631 907 698 exsistentia
937 650 972 694 ex
999 630 1060 694 sola
1084 630 1266 714 perfectione
1288 649 1394 694 caueae

271 752 408 818 externae
439 760 499 804 non
528 750 627 806 autem
657 760 712 806 sua
749 743 846 804 oritur
909 742 1018 804 Contra
1052 743 1197 822 quidquid
1229 741 1393 804 substantia

270 851 461 932 perfectionis
482 850 572 914 lrabet
586 849 661 912 nulli
684 869 790 916 causae
805 858 946 914 externae
966 839 1101 928 debetur,
1125 871 1217 932 quare
1229 851 1294 932 ejus
1306 851 1394 912 etiam

271 961 440 1026 exsistentia
464 979 499 1022 ex
520 959 582 1024 sola
606 959 671 1041 ejus
694 969 798 1025 natura
820 961 906 1040 sequi
929 961 1033 1036 dehet,
1070 979 1145 1041 quae
1172 961 1298 1042 proinde
1319 959 1394 1024 nilril

270 1071 351 1134 aliud
381 1079 426 1134 est
448 1089 536 1151 qnam
567 1069 633 1150 ejus
663 1070 801 1132 essentia.
847 1070 992 1134 Perfectio
1014 1071 1106 1150 igitur
1127 1071 1169 1134 rei
1193 1070 1394 1132 exsistentiam

271 1199 330 1245 uon
356 1180 441 1254 tollit,
466 1180 518 1242 sed
541 1190 643 1242 contra
672 1181 778 1259 ponit;
812 1180 996 1260 imperfectio
1025 1188 1123 1244 eutem
1151 1181 1276 1244 eandem
1298 1180 1393 1254 tollit-3

270 1290 404 1368 adeoque
427 1289 464 1350 de
486 1289 598 1352 nullius
621 1290 663 1350 rei
687 1289 856 1353 exsistentia
879 1290 1021 1352 certiores
1033 1309 1098 1352 esse
1110 1309 1281 1370 possumus,
1305 1309 1394 1370 quam

271 1400 308 1465 tle
329 1398 500 1462 exsistentia
529 1399 606 1462 entis
636 1417 752 1462 summe
781 1399 890 1462 infiniti
920 1419 974 1462 seu
1003 1400 1143 1480 perfecti,
1179 1401 1236 1462 lroc
1261 1408 1308 1462 est
1328 1399 1392 1462 uei.

270 1509 345 1574 Nam
366 1507 607 1592 quandoquidem
630 1509 695 1588 eius
718 1509 846 1572 essentia
863 1529 981 1572 omnem
998 1509 1251 1589 imperfectionem
1268 1509 1396 1573 secludit

270 1618 496 1698 absolutamque
525 1617 736 1698 perfectionem
764 1619 884 1682 involvit
906 1638 941 1682 eo
969 1619 1035 1699 ipsc
1058 1637 1175 1682 omnem
1198 1637 1317 1681 causam
1340 1619 1395 1680 du-

270 1728 384 1795 bitandi
413 1728 450 1790 de
472 1727 567 1808 ipsius
596 1728 766 1790 exsistentia
798 1729 873 1790 tollit
903 1747 1109 1809 summumque
1138 1729 1176 1790 de
1205 1728 1308 1790 eadem
1331 1747 1395 1790 cerr·

271 1839 427 1902 titudinem
452 1839 510 1914 ciat,
536 1833 614 1917 quod
632 1839 820 1902 mediocriter
835 1839 998 1902 attendenti
1014 1838 1205 1918 perspicuum
1218 1838 1281 1900 fore
1292 1838 1392 1900 credo.

270 1948 314 2010 au
347 1949 423 2014 hanc
456 1947 739 2010 demonstrationem
784 1967 876 2027 quum
921 1948 1097 2027 respicimus
1141 1947 1395 2016 fundamenta

271 2056 366 2136 primo
388 2055 497 2134 quibus
519 2057 625 2121 nititur
647 2057 861 2120 consideranda
884 2057 971 2118 nobis
994 2065 1073 2132 sunt,
1098 2077 1173 2137 quae
1185 2057 1305 2137 quidem
1317 2058 1395 2120 hand

271 2183 376 2245 paruas
398 2165 588 2230 difficultates
617 2167 758 2247 praehere
780 2167 926 2230 videntur.
973 2167 1072 2238 Quum
1099 2168 1177 2230 enim
1200 2167 1396 2247 philosophus

271 2293 362 2340 unam
395 2282 509 2338 tantum
540 2274 685 2336 infrunitam
715 2275 911 2340 substantiam
941 2294 1007 2338 esse
1036 2277 1212 2353 contendat,
1259 2277 1307 2342 eui
1336 2277 1395 2340 duo

271 2383 428 2467 praecipue
451 2383 566 2447 infinita
595 2384 733 2446 attributa
765 2385 903 2464 cogitatio
934 2385 1047 2448 scilieet
1068 2394 1098 2448 et
1122 2385 1255 2448 extensio
1276 2405 1396 2468 compe

272 2501 335 2561 unt
357 2493 503 2574 cujusque
525 2494 607 2558 modi
631 2503 744 2560 tantum
767 2495 827 2558 sivc
850 2495 1020 2559 affectiones
1042 2514 1145 2558 omnes
1168 2514 1216 2558 res
1232 2496 1396 2576 cogitantes

271 2605 328 2669 hoc
351 2613 397 2668 est
419 2613 552 2680 mentes,
587 2613 617 2668 et
639 2613 776 2670 extensae
798 2606 856 2668 hoc
879 2614 924 2669 est
945 2625 1069 2686 corpora
1095 2606 1155 2668 sint
1177 2625 1274 2686 neque
1298 2615 1393 2670 tamen

271 2715 423 2778 individua
454 2723 483 2776 et
504 2714 699 2794 intelligentia
729 2724 758 2778 et
779 2735 921 2795 corporea
951 2735 1019 2778 vere
1041 2735 1107 2778 esse
1136 2715 1226 2780 altera
1254 2734 1289 2778 ex
1311 2725 1394 2796 parte

271 2833 359 2904 neget
381 2823 575 2889 contradictio
603 2841 673 2888 sane
704 2824 789 2888 nobis
818 2826 957 2888 occurrit.
1005 2825 1161 2898 Quomodo
1191 2826 1270 2888 eninr
1293 2827 1393 2906 plures

272 2944 302 2998 et
322 2935 418 2998 uariae
451 2933 571 3013 quidem
597 2952 645 2996 res
675 2943 829 3010 externae,
863 2935 966 3015 plures
998 2936 1173 3016 praesertim
1203 2946 1317 2998 mentes
1345 2934 1391 2996 sui

271 3044 366 3124 ipsius
404 3044 541 3106 consciae
571 3043 632 3108 sint
660 3052 690 3106 et
718 3053 815 3106 tamen
845 3065 905 3106 una
935 3045 1122 3108 solummodo
1152 3045 1314 3110 substantia
1343 3063 1392 3104 ex-

272 3154 373 3229 sistat,
408 3153 466 3218 hoc
486 3153 575 3218 etiarn
597 3154 728 3216 adhibita
752 3154 801 3218 illa
825 3155 997 3218 definitione
1019 3153 1039 3220 3
1061 3157 1107 3218 vix
1129 3157 1287 3237 quiequam
1309 3154 1395 3218 facile

271 3265 426 3344 intelliget.
472 3264 545 3326 Nam
569 3274 602 3326 ut
623 3277 719 3330 cetera
742 3266 931 3340 omittamus,
966 3284 1051 3330 mens
1077 3268 1210 3348 profecto
1231 3267 1278 3328 sui
1300 3265 1395 3346 ipsius

272 3376 388 3438 conscia
418 3375 449 3438 in
479 3395 511 3438 se
540 3383 586 3438 est
614 3384 643 3438 et
672 3395 727 3456 per
756 3395 788 3437 sc
817 3377 1000 3456 concipitur;
1035 3378 1164 3456 primum
1194 3377 1285 3456 igitur
1314 3375 1395 3456 qttcti

271 3484 426 3548 actuale
449 3485 593 3548 mentis
615 3486 804 3550 humanae
826 3505 905 3550 esse
927 3486 1082 3548 constituit
1094 3487 1216 3562 (l'arsll
1228 3505 1348 3566 propos.
1359 3483 1395 3560 9)

272 3594 452 3668 aon'itlea
485 3595 543 3658 rei
575 3595 753 3676 alicujus
785 3596 1005 3675 singularis
1037 3605 1126 3658 actu
1155 3595 1395 3660 exsistentis

272 3723 338 3769 esee
360 3711 467 3783 potest,
492 3723 586 3784 qurum
608 3705 674 3768 idea
698 3706 796 3785 potius
819 3707 911 3768 nrenti
933 3706 1031 3768 inesse
1054 3725 1141 3786 quam
1165 3706 1230 3786 ejus
1252 3707 1395 3770 exsisten-

272 3815 343 3882 tiam
365 3815 547 3882 consumere
570 3824 650 3878 recte
673 3816 798 3878 dicetur.
834 3817 935 3895 ltaque
956 3816 982 3878 si
1001 3836 1086 3907 mens
1105 3818 1233 3882 hnmana
1257 3825 1323 3880 actu
1346 3835 1396 3878 ex·
1497 3823 1499 3828 '
1615 3821 1616 3896 j

272 3924 367 3998 sistit,
402 3924 569 3990 intellectus
598 3925 649 4006 qui
672 3945 704 3991 se
733 3926 832 4006 ipsurn
861 3927 1019 4005 cogitando
1048 3928 1193 4009 concipit,
1229 3914 1396 3990 substantia

272 4034 418 4113 quaedam
447 4035 596 4100 individua
628 4036 683 4100 etsi
704 4036 805 4111 finita,
841 4036 964 4103 minime
991 4039 1189 4102 veremudus
1212 4044 1325 4099 tantum
1349 4036 1395 4096 in-

272 4145 373 4212 tinime
404 4145 532 4225 alicujus
564 4146 748 4213 substantiae
781 4147 939 4227 cogitantis
972 4157 1027 4212 est.
1077 4149 1108 4212 Si
1138 4167 1228 4229 porro
1256 4146 1293 4208 ad
1327 4164 1396 4208 no·

274 4255 418 4320 tionem
440 4255 506 4318 Dei
530 4275 619 4335 quam
641 4257 841 4337 philosophus
864 4257 990 4334 (delinit.
1005 4255 1039 4332 6)
1052 4257 1192 4336 proponit
1204 4255 1393 4336 respicimus,
1466 4311 1468 4315 .

273 4364 461 4444 sagacissima
484 4384 555 4434 saue
577 4375 631 4442 est,
657 4367 707 4432 sed
722 4387 919 4448 nequaquam
941 4367 990 4428 illa
1014 4367 1112 4432 omnia
1135 4366 1283 4442 conduct,
1318 4381 1395 4445 quae
