3236 5076
206 669 317 732 quum,
352 653 471 732 quando
500 651 603 714 illud
640 653 854 714 secundum
885 667 963 712 rem
992 668 1120 712 veram
1150 650 1326 730 mihique

207 769 334 823 notam
365 762 493 841 cogitare
522 781 663 842 possum,
698 762 770 822 hoc
796 761 918 821 omnino
947 777 1094 840 nequeam
1123 760 1181 822 nisi
1212 768 1326 822 tantum

207 872 422 932 secuudum
445 889 591 946 vocem,
616 873 781 932 secundum
805 889 894 950 quam
917 871 962 931 vix
983 879 1037 932 aut
1054 889 1208 950 nunquam
1229 877 1328 950 potest

204 981 329 1060 cogitari
359 999 471 1042 verum.
518 981 549 1042 Si
573 981 692 1060 qrrldem
716 999 809 1060 quum
839 981 879 1041 ita
909 980 1055 1060 cogitatur
1076 999 1137 1040 non
1161 988 1218 1042 tum¹
1242 981 1327 1060 ipsa

206 1109 293 1166 vox,
318 1109 392 1170 quae
415 1099 461 1152 est
482 1091 585 1170 utique
606 1109 691 1166 vera,
723 1091 780 1152 hoc
802 1099 847 1151 est
869 1091 1034 1152 litterarum
1058 1107 1151 1151 sonus
1173 1089 1217 1155 vel
1241 1090 1327 1169 sylla-
1370 1171 1372 1176 Ι

206 1201 313 1261 barum
344 1219 433 1280 quam
463 1202 570 1262 vocis
601 1201 758 1262 auditae
789 1200 1043 1280 significatio
1076 1199 1238 1279 cogitatur,
1274 1199 1327 1260 scd
1401 1248 1411 1259 .

206 1329 265 1373 non
289 1313 342 1372 ita
366 1319 405 1372 ut
426 1310 467 1372 ah
490 1330 533 1372 eo
556 1311 619 1391 qui
642 1311 750 1372 novit
772 1311 864 1390 quid
888 1329 928 1371 ea
951 1309 1080 1371 soleat
1100 1327 1192 1371 voce
1214 1309 1328 1388 signi·

205 1421 339 1497 ficari,
385 1441 400 1482 a
431 1408 501 1500 quo
523 1421 639 1482 scilicet
671 1421 817 1499 cogitatur
849 1421 1061 1482 seeundum
1098 1437 1177 1481 rem
1215 1419 1259 1480 vel
1288 1419 1327 1480 in

204 1531 287 1592 sola
311 1531 560 1610 cogitatione
582 1549 688 1604 vera,
720 1549 822 1591 verum
844 1538 885 1590 ut
906 1529 951 1590 ab
974 1548 1015 1590 eo
1038 1529 1104 1608 qui
1127 1529 1229 1590 illud
1253 1547 1326 1590 non

204 1640 315 1702 novit
344 1648 380 1700 et
409 1639 653 1700 solummodo
683 1639 833 1718 cogitat
863 1638 1077 1699 secundum
1107 1638 1227 1698 animi
1249 1649 1328 1698 mc-

205 1761 283 1811 tum
306 1748 422 1809 illius
452 1749 590 1809 auditu
611 1747 719 1808 vocis
742 1749 929 1810 effectum
959 1747 1329 1826 significationem·

206 1877 279 1937 que
300 1864 513 1936 perceptae
536 1857 644 1917 vocis
666 1864 871 1917 conantem
894 1856 1093 1935 effingere
1120 1855 1213 1930 sibi,
1248 1856 1328 1935 quod

206 1967 315 2026 mirum
350 1973 395 2026 est
427 1966 453 2026 si
485 1984 617 2045 unquam
650 1966 814 2027 secundum
848 1965 891 2026 rei
924 1965 1077 2026 raritatem
1110 1965 1249 2045 potuerit.
1295 1964 1326 2028 si

206 2093 295 2156 porro
318 2075 525 2136 Anselmus
547 2075 849 2136 conclusionem
873 2082 1086 2155 proposuerat:
1110 2093 1150 2135 ex
1172 2093 1212 2135 eo
1235 2074 1328 2154 quod

206 2186 340 2260 deum,
376 2185 447 2246 hoe
469 2193 528 2245 est
556 2203 630 2266 quo
652 2184 777 2265 majus
799 2184 970 2265 cogitari
1000 2183 1140 2264 nequit
1160 2184 1198 2246 in
1221 2184 1329 2263 cogi·

207 2295 359 2356 tatione
391 2295 450 2356 vel
483 2295 521 2356 in
556 2295 771 2356 intellectu
804 2294 928 2357 habeo
958 2295 1143 2374 sequitur
1168 2293 1267 2374 quod
1291 2301 1329 2355 et

205 2423 245 2466 re
277 2425 366 2466 vera
400 2415 460 2466 est
488 2395 584 2484 neque
617 2405 694 2466 hanc
723 2406 890 2466 Gaunilo
923 2405 984 2466 ullo
1014 2405 1102 2466 modo
1134 2403 1326 2466 concedebat.

204 2515 278 2574 Nam
301 2515 433 2589 etiarnsi,
470 2514 584 2592 inquit,
616 2514 819 2574 notionem
843 2509 909 2575 Dei
933 2515 964 2574 in
986 2513 1166 2592 cogitatione
1187 2513 1328 2574 haberem

206 2631 236 2682 et
264 2623 335 2700 quid
365 2623 423 2682 hoc
452 2621 573 2682 nomine
603 2622 788 2700 significetur
817 2609 917 2682 sati's
947 2621 1141 2682 distincte
1162 2622 1329 2701 intelligere

206 2749 335 2809 possem,
361 2749 421 2790 non
445 2739 542 2790 tamen
565 2730 635 2790 inde
652 2738 828 2810 sequeretur
850 2731 950 2810 quod
968 2730 1068 2792 lleus
1091 2749 1241 2792 revera
1264 2731 1326 2794 sit.

206 2840 303 2901 Simili
333 2839 413 2900 enim
442 2839 575 2915 ratione,
610 2839 635 2900 si
666 2840 703 2900 de
732 2840 888 2902 homine
917 2841 1034 2921 plane
1063 2840 1158 2902 mihi
1188 2840 1328 2920 ignoto

205 2969 294 3030 quem
317 2951 437 3012 exsistat
458 2969 553 3012 necne
576 2951 722 3012 nescirem
744 2953 860 3013 audiam
885 2973 927 3014 ex
950 2952 1144 3014 communi
1166 2951 1329 3032 generis

207 3061 367 3124 humani
391 3062 552 3122 notione
575 3079 644 3122 eum
666 3061 739 3122 milri
752 3063 893 3142 effingere
905 3063 1052 3138 conabor;
1077 3063 1128 3123 sed
1142 3079 1329 3142 nequaquam

206 3189 241 3232 ex
269 3191 304 3232 eo
331 3173 432 3250 quod
465 3171 582 3232 talem
616 3171 809 3232 hominem
844 3173 881 3233 in
914 3172 1163 3250 cogitatione
1196 3171 1256 3232 vel
1290 3170 1334 3230 in

207 3281 421 3341 intellectu
452 3281 636 3341 haberem
667 3289 843 3358 sequeretur
872 3282 973 3359 quod
995 3281 1068 3341 ille
1091 3299 1130 3341 re
1151 3297 1240 3341 vera
1264 3297 1328 3340 ex·

206 3389 342 3462 sistat,
377 3388 402 3448 si
426 3389 501 3448 forte
530 3389 630 3467 isqui
660 3389 697 3448 da
719 3389 770 3449 illo
792 3389 914 3450 homine
943 3390 1016 3450 milri
1046 3390 1118 3450 dicit
1140 3389 1326 3450 mentiretur.

207 3499 263 3559 Sed
298 3516 337 3558 ne
370 3505 443 3558 tam
477 3497 674 3558 distincte
707 3497 827 3576 quidam
854 3498 920 3559 Dei
950 3499 1152 3560 notionem
1186 3499 1328 3578 effingere

206 3607 383 3686 cogitatione
412 3625 535 3686 possum
565 3625 654 3686 quarn
677 3607 753 3668 alius
777 3607 907 3688 cujusvis
938 3609 999 3684 rei,
1031 3593 1272 3689 quandoquidem
1297 3616 1329 3670 ut

208 3735 298 3795 snpra
318 3715 380 3796 jam
404 3717 515 3778 dictum
539 3725 585 3777 est
607 3717 687 3778 nulla
710 3735 759 3777 res
782 3717 848 3797 ejus
871 3718 979 3778 similis
1002 3719 1124 3798 cogitari
1146 3719 1251 3800 possit.
1297 3718 1328 3780 Si

207 3826 293 3886 tertio
316 3825 524 3886 Anselmus
547 3826 677 3887 dixerat:
712 3826 828 3887 Deum
859 3827 947 3906 quia
975 3827 1102 3908 majus
1125 3836 1162 3889 et
1188 3828 1328 3890 melius

207 3935 389 3996 omnibus
419 3935 472 3996 sit
502 3955 575 3996 non
607 3937 644 3996 in
674 3937 891 3999 intellectu
929 3937 1015 3998 solo
1045 3938 1112 3998 sed
1143 3938 1258 4000 etiam
1289 3957 1328 4000 re

177 4059 294 4105 'vera
324 4063 411 4105 esse
433 4043 503 4104 huic
524 4045 773 4123 argumentationi
804 4045 973 4106 Gaunilo
1003 4046 1232 4109 celeberrimum
1254 4048 1328 4110 illud
1380 4031 1384 4042 ⁸

207 4154 375 4234 exemplum
398 4153 556 4233 opposuit:
592 4153 623 4214 Si
647 4154 714 4232 quis
737 4155 810 4214 milri
833 4155 961 4216 insulam
984 4156 1085 4216 oceani
1109 4175 1212 4218 omnes
1236 4165 1328 4218 terras

208 4263 357 4346 fertilitate
387 4282 441 4324 sua
471 4263 638 4324 vincentem
667 4263 835 4324 describere
857 4264 943 4340 velit,
975 4283 1051 4344 quae
1073 4265 1245 4328 difficultate
1267 4266 1328 4327 imo

207 4372 446 4454 impossibilitate
475 4373 646 4436 inveniendi
674 4373 792 4466 perdita
822 4374 1023 4456 appellaretur
1044 4383 1074 4437 et
1094 4375 1150 4438 hac
1172 4378 1209 4438 de
1231 4377 1328 4438 insula

1126 4474 1159 4526 2.
1236 4481 1243 4496 .
