3260 5058
228 643 324 721 „Nam
339 637 384 700 ·oh
406 634 590 699 debilitatem
612 649 697 694 suam
719 629 925 710 imperfectum
947 633 978 690 et
997 645 1015 689 a
1037 626 1169 708 perlecto
1190 623 1352 704 longinqua

229 757 419 831 „separatum
441 755 497 807 est.
528 743 697 805 Perfectum
719 757 788 800 vero
810 737 930 800 bomine
952 735 1150 817 praestantius
1172 735 1210 796 sit
1231 751 1353 796 neceam

230 868 309 938 „est
354 858 418 918 lloc
439 863 538 916 autem
560 851 656 912 allec
678 849 825 910 diversum
850 864 909 908 non
932 846 997 908 erit.
1032 845 1111 925 Ergo
1133 851 1180 905 est
1202 841 1351 918 lleus“⁴).

230 971 334 1049 Neque
370 960 649 1046 praetermittendus
685 957 773 1020 nohis
813 965 860 1018 est
897 955 1055 1030 Cicero,
1100 953 1150 1034 qui
1189 953 1354 1014 doctrinam

233 1075 469 1161 philosophicam
492 1089 552 1132 noo
570 1067 713 1149 peculiari
737 1066 857 1146 quidem
881 1065 996 1126 ratione
1014 1063 1151 1138 excoluit,
1176 1061 1355 1142 sedprimus

235 1197 372 1250 tamena
396 1181 515 1243 Graecis
543 1179 579 1240 ad
602 1178 753 1238 Romanos
782 1173 935 1236 transtulit
963 1173 1114 1253 multoque
1136 1183 1166 1234 et
1187 1171 1305 1252 egregia
1327 1179 1357 1234 et

236 1297 304 1360 fidei
326 1292 510 1357 Christianae
531 1288 691 1350 admodum
722 1293 919 1346 consentanea
950 1301 1043 1364 quum
1073 1283 1178 1344 eximia
1200 1281 1354 1362 sapientia,

236 1419 297 1469 tum
317 1405 368 1486 pio
389 1401 491 1464 animo
514 1398 551 1459 de
574 1397 664 1458 rebus
686 1393 794 1456 divinis
810 1392 962 1466 disseruit,
987 1401 1019 1454 ut
1040 1392 1065 1454 si
1088 1391 1161 1454 baec
1182 1393 1247 1472 ejus
1269 1391 1357 1454 verba

232 1491 377 1596 legimus:
412 1510 494 1586 „Neo
515 1525 586 1568 vero
608 1506 689 1566 lleus
718 1504 783 1583 ipse
812 1503 870 1564 alio
892 1502 982 1564 modo
1004 1501 1129 1581 intelligi
1152 1509 1264 1582 potest,
1300 1501 1358 1562 nisi

235 1642 341 1701 „mens
364 1620 462 1682 soluta
483 1616 628 1696 quaedam
651 1621 681 1676 et
702 1613 808 1688 libera,
832 1618 983 1692 segregata
1006 1610 1043 1672 ab
1065 1611 1146 1672 omni
1169 1611 1358 1672 concretione

240 1729 378 1808 „mortali
401 1726 498 1788 omnia
521 1725 653 1786 sentiens
682 1732 712 1785 et
734 1739 855 1784 movens
877 1721 1000 1800 ipsaque
1022 1719 1154 1798 praedita
1176 1727 1259 1781 motu
1282 1738 1360 1782 sem·

236 1843 388 1922 „piterno
421 1835 500 1898 Talis
522 1835 612 1914 igitur
634 1851 720 1894 meos
735 1830 841 1893 murrdi
862 1847 955 1910 quum
978 1827 1018 1890 sit
1039 1827 1077 1889 oh
1096 1845 1221 1910 eamque
1239 1846 1359 1892 causam

240 1951 306 2028 „vel
328 1945 484 2030 prudentia
507 1945 550 2006 vel
566 1941 749 2024 providentia
762 1939 915 2020 appellari,
940 1945 1019 2000 recte
1037 1937 1130 2018 possit
1150 1943 1268 2018 (graece
1280 1938 1359 2000 enirn

241 2061 399 2146 „arpovola
420 2057 562 2132 dicitur),
597 2056 670 2116 haec
691 2052 880 2134 potissimum
903 2049 1038 2130 providet
1063 2057 1093 2110 et
1113 2050 1145 2110 in
1167 2050 1214 2112 his
1236 2051 1362 2114 maxime

241 2179 306 2248 „est
328 2175 479 2248 occupata,
503 2167 633 2246 primum
658 2163 844 2226 otmundus
867 2179 957 2240 quam
979 2160 1158 2240 aptissimus
1175 2161 1215 2222 sit
1234 2161 1271 2222 ad
1295 2179 1362 2242 per-

238 2279 451 2358 „manendum
477 2276 586 2338 deinde
608 2273 743 2336 utnulla
766 2291 799 2334 re
821 2279 914 2352 egeat,
939 2270 1194 2348 maximarum,
1219 2279 1253 2334 ut
1273 2269 1304 2334 in
1327 2289 1363 2334 eo

239 2390 367 2468 „eximia
396 2385 588 2466 pulchritudo
618 2384 658 2446 sit
686 2391 775 2462 atque
808 2381 907 2442 omnis
936 2379 1131 2458 ornatus“⁵).
1176 2383 1242 2444 lam
1272 2383 1297 2444 si
1326 2383 1363 2444 ad

242 2499 477 2575 Scripturas
499 2495 640 2554 Sacros
663 2492 848 2567 accedimus,
883 2491 1016 2552 omnium
1046 2498 1077 2552 ct
1098 2492 1211 2552 Veteris
1241 2499 1270 2552 et
1290 2491 1362 2552 Novi

245 2602 426 2664 Testamenti
456 2601 601 2660 librorum
624 2599 792 2662 auctoribus
813 2602 907 2662 lleum
935 2618 1093 2680 personam
1115 2600 1145 2660 id
1168 2607 1213 2660 est
1233 2608 1364 2661 mentem

248 2709 492 2791 perfectissimam
523 2707 569 2770 sui
598 2708 693 2788 ipsius
722 2712 870 2773 consciam
902 2728 966 2772 esse
993 2725 1081 2788 quam
1104 2707 1276 2770 firmissime
1298 2727 1366 2789 per-

248 2839 370 2882 suasum
401 2828 463 2881 erat
491 2819 617 2898 ideoque
647 2839 748 2882 sacros
778 2821 940 2901 scriptores
962 2820 1022 2882 illis
1043 2819 1242 2900 posteriorum
1264 2837 1366 2881 saecu-

245 2933 344 2993 lorum
377 2930 414 2992 ad
448 2930 500 2992 Ilei
533 2931 733 2994 exsistentiam
764 2932 949 3012 probandam
982 2930 1286 2994 demonstmtiooibus
1315 2939 1367 2992 aut

244 3061 398 3121 nunquam
419 3049 470 3104 aut
492 3051 571 3104 certe
593 3043 754 3106 admodum
777 3061 844 3104 raro
867 3059 937 3104 usos
960 3061 1026 3105 esse
1048 3043 1133 3105 lacile
1154 3042 1364 3122 intelligemus.

244 3153 347 3230 Neque
376 3160 474 3214 tamen
505 3153 615 3214 desunt
643 3153 791 3233 ejusmodi
820 3153 1001 3225 sententiae,
1036 3171 1111 3232 quae
1133 3151 1169 3212 ab
1192 3159 1367 3230 argumento

248 3269 349 3322 nostro
371 3279 430 3322 non
452 3281 576 3342 prorsus
598 3263 712 3324 alienae
735 3270 816 3337 sunt,
842 3261 991 3341 siquidem
1015 3262 1158 3341 legimus:
1183 3260 1262 3334 „Qui
1284 3260 1368 3339 plan·

248 3369 450 3446 „tavitaurem
464 3389 523 3432 oon
536 3371 638 3433 audiet
652 3379 704 3434 aut
722 3371 773 3451 qui
793 3372 877 3433 tinxit
895 3371 1014 3432 oculum
1034 3389 1092 3433 non
1106 3368 1317 3432 consideratu
1339 3377 1369 3431 et

247 3469 316 3540 alio‘
335 3479 417 3541 locem
453 3479 550 3554 „Quia
582 3489 685 3541 notum
712 3480 766 3542 liei
796 3481 833 3542 iis
864 3481 1052 3543 manifestum
1082 3489 1145 3556 est;
1179 3480 1259 3541 licus
1288 3480 1368 3541 enim

248 3589 328 3667 „illis
350 3589 564 3650 manifestavit:
587 3590 661 3650 Nam
678 3590 836 3652 invisibilia
859 3592 954 3672 ipsius
975 3591 1046 3656 inde
1070 3611 1085 3653 a
1109 3599 1243 3653 creatura
1266 3591 1369 3654 mundi

248 3718 323 3778 „per
345 3719 377 3761 ea
401 3718 477 3780 quae
500 3700 573 3760 lacta
596 3709 666 3760 sunt
686 3699 880 3780 intelligendo
896 3703 1122 3782 conspiciuntur
1133 3704 1370 3784 sempiternaque

249 3808 336 3888 „ejus
358 3809 450 3870 virtus
472 3819 560 3888 atqne
583 3808 731 3885 divinitas,
757 3810 797 3872 ita
819 3819 853 3873 ut
873 3811 1090 3874 inexcusabiles
1112 3811 1238 3889 sint“⁰).
1273 3813 1370 3874 Simili

249 3937 369 3998 quoque
398 3918 513 3979 ratione
542 3936 646 3980 omnes
675 3919 809 3982 omnium
839 3921 1026 3983 saeculorum
1055 3922 1234 4001 theologi
1258 3922 1371 3982 Chri·-

318 4136 348 4201 4)
365 4136 397 4186 cl.
423 4101 596 4188 lilcaotbcs
623 4136 690 4204 apud
721 4137 849 4189 Sextum
874 4139 1088 4204 Empericum:
1123 4139 1246 4190 adversus
1274 4138 1371 4190 Mathe-

250 4218 356 4269 melicos
373 4219 410 4270 tx
427 4235 451 4286 p.
472 4222 583 4273 ⁸8-a1.

320 4304 349 4368 b)
367 4303 401 4356 cl.
421 4303 553 4355 Cicero:
583 4305 750 4370 Quaestiones
759 4305 917 4357 Tusculanae
931 4305 941 4357 l
956 4305 998 4358 27.
1024 4305 1062 4356 De
1075 4314 1166 4357 natura
1175 4305 1283 4356 Deorum
1294 4305 1314 4356 ll
1326 4307 1368 4358 22.

320 4387 349 4452 d)
368 4387 400 4436 ci.
421 4387 532 4439 Psulm
549 4388 630 4440 XCIV
648 4391 672 4442 9.
711 4388 820 4439 Pauli:
842 4390 947 4458 epistola
965 4389 999 4440 ad
1016 4389 1141 4440 Romanos
1159 4389 1169 4441 l
1188 4391 1230 4442 19.
1248 4390 1289 4440 20,
