3260 5058
649 435 996 504 —128—

258 618 381 684 stiani
410 635 571 697 rerumque
600 615 766 678 diuinarum
797 617 934 678 doctores
957 614 1051 676 Deum
1074 631 1234 694 personam
1257 616 1316 678 hoc
1337 629 1384 680 est

258 735 389 789 mentem
419 727 465 790 sui
496 727 590 806 ipsius
619 726 769 787 consciam
799 745 864 786 esse
894 725 1021 804 ideoque
1050 724 1261 806 propriamiei
1284 726 1383 789 subsi-

258 838 395 900 stentiam
429 848 597 916 competere
630 837 695 896 sine
728 835 809 896 omni
843 835 935 895 dnbio
968 834 1111 895 tenebant
1142 853 1240 914 neque
1267 837 1381 898 etiamsi

259 967 356 1009 reram
379 948 433 1008 Dei
461 947 620 1008 essentiam
655 946 799 1006 inlinitam
829 945 1065 1024 immensamque
1098 963 1164 1006 esse
1194 955 1225 1007 et
1255 947 1381 1010 bumana

259 1057 436 1136 cogitatione
454 1055 667 1135 comprehendi
690 1073 750 1141 non
773 1073 861 1133 posse
878 1055 1010 1114 dicerent
1028 1053 1073 1115 sui
1097 1054 1194 1133 ipsius
1216 1057 1382 1137 intelligen-

259 1167 330 1228 tiam
354 1166 471 1227 numini
494 1165 594 1225 divino
616 1165 834 1225 attribuendam
859 1183 924 1226 esse
947 1163 1104 1242 negabant,
1130 1164 1170 1226 ita
1194 1175 1226 1227 ut
1248 1167 1380 1247 singulas

261 1295 364 1339 eorum
388 1277 550 1336 sententias
580 1276 685 1335 alierre
715 1275 837 1334 omnino
869 1293 990 1335 neeesse
1012 1292 1071 1335 neu
1095 1275 1144 1336 sit.
1190 1277 1379 1347 Quinetiam

260 1386 377 1466 primi
401 1385 642 1446 recentioris
666 1384 950 1464 philosophiae
972 1392 1157 1445 auctores
1178 1386 1254 1462 quod
1270 1387 1377 1447 attinet

261 1495 298 1556 ed
320 1494 469 1574 propriam
492 1494 544 1554 Dei
568 1494 768 1556 exsistentiam
798 1512 865 1554 cum
895 1494 952 1554 tide
976 1493 1142 1555 Christiana
1164 1512 1282 1573 prorsus
1303 1512 1374 1554 eon·

261 1611 415 1678 venerunt,
440 1611 473 1664 ut
495 1603 520 1663 si
535 1603 782 1664 Leibnitius:
808 1603 929 1677 ,Deus“
941 1603 1039 1682 inquit
1051 1603 1235 1675 ,seeundum
1247 1611 1376 1664 nostram

262 1713 460 1791 „sententiam
480 1720 527 1774 est
544 1713 738 1791 intelligentia
758 1713 989 1774 extramundana
1003 1713 1080 1773 sicut
1092 1713 1253 1774 Martianus
1264 1712 1381 1791 Capella

262 1843 352 1899 „eum
375 1823 483 1902 apellat
504 1823 564 1882 sive
587 1822 687 1901 potios
709 1812 971 1900 supramundana“
985 1821 1029 1898 ⁷).
1054 1823 1082 1882 ls
1095 1841 1164 1882 vero
1177 1821 1381 1901 philosophus,

263 1933 314 2012 qui
347 1933 463 2012 primus
496 1932 591 1992 Deum
624 1939 752 1992 mentem
787 1932 833 1992 sui
868 1932 961 2011 ipsius
991 1932 1139 1992 consciam
1170 1949 1236 1992 esse
1266 1931 1385 1992 disertis

262 2041 361 2102 verbis
383 2040 684 2120 negabatSpinoza
708 2049 780 2114 erat,
806 2041 842 2101 de
865 2041 951 2121 cujus
974 2042 1108 2102 doctriua
1131 2061 1220 2121 supra
1239 2041 1301 2121 jam
1324 2040 1385 2101 dis·

264 2151 413 2212 seruimus
428 2149 464 2224 ⁸).
498 2151 614 2210 Numen
638 2150 769 2211 divinum
792 2152 892 2231 potius
914 2150 1079 2212 absolutam
1102 2170 1168 2212 esse
1190 2152 1385 2226 substantiam

264 2259 398 2331 dicebat,
433 2259 520 2338 cujus
543 2260 622 2320 modi
644 2260 675 2320 in
698 2279 798 2321 rerum
823 2269 926 2322 natura
949 2261 1043 2322 ellecti
1071 2260 1209 2340 cogitatio
1233 2262 1278 2338 (in
1301 2279 1385 2322 men-

264 2368 344 2430 tibus
373 2367 524 2429 intellectu
553 2369 708 2448 praeditis)
739 2378 769 2432 et
797 2371 929 2433 extensio
959 2372 1003 2446 (in
1035 2371 1210 2450 corporibus
1240 2371 1383 2444 extensis)

265 2487 377 2540 essent.
411 2478 471 2558 Ipsi
494 2487 595 2540 contra
618 2480 770 2542 absolutae
783 2481 967 2543 substantiae
989 2481 1036 2542 sui
1060 2481 1154 2561 ipsius
1172 2480 1385 2542 conscientiam

265 2589 349 2650 nullo
370 2589 459 2650 medo
483 2598 651 2669 competere
673 2610 761 2670 posse
784 2591 991 2666 contendebat,
1017 2601 1050 2652 ut
1071 2592 1096 2652 si
1120 2593 1317 2667 „ostendam“
1340 2593 1386 2652 in-

265 2698 333 2777 quit
355 2700 410 2774 „ad
433 2699 486 2759 Dei
512 2709 648 2760 naturam
672 2719 769 2780 neque
792 2701 976 2762 intellectum
998 2721 1095 2780 neque
1116 2703 1295 2763 voluntatem
1318 2721 1386 2782 per-

266 2807 391 2884 „tinere
427 2808 457 2868 si
481 2808 648 2869 intellectus
670 2810 707 2869 ad
730 2809 858 2871 divinam
875 2818 1010 2872 naturam
1029 2812 1169 2890 pertinet,
1194 2829 1254 2872 uon
1277 2812 1386 2884 poterit

266 2917 330 2992 „uti
354 2925 454 2978 noster
477 2918 645 2979 intellectus
675 2919 822 2998 posterior
845 2927 892 2996 (ut
915 2919 1065 3000 plerisque
1088 2921 1197 3000 placet)
1228 2922 1274 2982 vel
1296 2921 1385 2984 simul

267 3035 392 3101 „natura
415 3045 481 3087 esse
504 3045 571 3088 curn
594 3026 683 3088 rebus
705 3027 873 3100 intellectis,
898 3029 1137 3107 quandoquidem
1150 3031 1229 3091 Deus
1247 3031 1385 3093 omnibus

267 3135 379 3211 „rebus
401 3136 484 3216 prior
505 3147 551 3198 est
573 3136 761 3212 causalitate3
785 3137 838 3198 sed
849 3146 951 3198 contra
968 3138 1077 3199 veritas
1096 3147 1126 3200 et
1142 3140 1274 3202 formalis
1286 3159 1386 3202 rerum

268 3246 416 3321 „essentia
440 3245 507 3307 ideo
529 3247 597 3308 talis
619 3255 682 3322 est,
713 3248 781 3327 quia
805 3248 872 3310 talis
895 3249 926 3309 in
949 3248 1001 3309 Dei
1024 3249 1176 3312 intellectu
1198 3251 1313 3312 exsistit
1334 3251 1387 3312 ob-

269 3354 405 3434 ,jectire
451 3356 549 3427 Quum
580 3357 679 3436 itaque
705 3357 758 3418 bei
788 3358 955 3420 intellectus
985 3359 1024 3420 sit
1052 3359 1139 3420 unica
1169 3379 1269 3423 rerum
1299 3380 1387 3422 causa

269 3465 426 3538 „videlicet
449 3473 507 3526 tarn
530 3484 632 3528 earum
655 3466 800 3527 essentiae
822 3487 911 3546 quarn
934 3487 1035 3528 earum
1059 3469 1264 3544 exsistentiae,
1300 3469 1388 3531 debet

270 3572 354 3651 „ipse
377 3574 542 3634 necessario
571 3575 608 3636 ab
637 3575 743 3636 iisdem
773 3576 891 3636 differre
913 3585 972 3638 tarn
996 3579 1109 3638 ratione
1131 3579 1277 3640 esseutiae
1298 3597 1387 3659 quam

268 3680 405 3756 „radone
417 3683 614 3744 exsistentiae.
649 3684 721 3744 Nam
742 3693 894 3746 causatum
911 3686 1009 3747 diiiert
1030 3706 1046 3746 a
1069 3706 1122 3748 sua
1145 3707 1232 3749 causa
1256 3688 1388 3768 praecise

271 3789 322 3866 „iu
346 3791 480 3869 eoquod
504 3809 520 3852 a
543 3811 630 3854 causa
653 3792 752 3854 babet.
797 3795 885 3873 Atqui
907 3795 961 3856 Dei
982 3796 1150 3859 intellectus
1170 3806 1216 3859 est
1236 3809 1266 3859 et
1287 3817 1388 3860 essen-

271 3899 350 3976 „tiae
372 3902 468 3961 nostri
490 3901 657 3964 intellectus
687 3921 792 3964 causa:
839 3923 908 3984 ergo
938 3905 991 3967 bei
1021 3907 1206 3983 intellectus,
1242 3917 1388 3988 quatenus

271 4009 421 4086 „divinam
444 4011 602 4072 essentiam
615 4013 795 4075 constituere
806 4015 982 4095 concipitur,
1006 4036 1023 4078 a
1042 4025 1144 4079 nostro
1160 4018 1311 4081 intellectu
1328 4027 1388 4082 mm

340 4245 369 4310 7)
388 4245 420 4294 ci.
441 4245 647 4299 Leibuitius:
668 4247 812 4301 Theodicee
828 4250 851 4302 ll
869 4253 927 4304 217.

339 4329 368 4394 8)
387 4327 419 4378 ei.
440 4329 530 4381 Persi
549 4347 602 4397 eap.
624 4331 666 4384 lV.
