3260 5058
653 459 977 528 ..pq-

249 649 363 704 restrae
385 641 464 702 inest
484 639 547 721 ipsa
570 655 619 702 res
641 647 729 716 esset,
754 647 805 702 aut
819 635 1021 700 exsistentiam
1037 643 1189 716 umquam
1200 633 1374 716 possibilem

249 749 394 834 posuistis
423 757 455 812 et
483 750 609 825 deindo,
646 749 724 811 sicut
752 747 934 828 perhibetis,
969 745 1172 808 exsistentiam
1199 763 1236 807 ex
1257 745 1373 808 iuterna

250 861 447 944 possibilitate
477 858 683 933 conclusistis,
718 858 798 938 quod
829 856 903 918 oilail
932 855 991 917 nisi
1014 856 1113 917 inanis
1135 855 1294 936 tautologia
1317 863 1372 918 est.

251 972 303 1034 Sin
336 977 370 1032 ut
401 985 529 1048 aequum
563 976 610 1030 est
642 967 823 1042 conceditis,
857 983 1098 1046 unamquamque
1127 965 1373 1046 propositionem,

252 1099 325 1161 quae
347 1078 383 1141 ad
406 1079 533 1159 alicujus
556 1078 599 1139 rei
616 1077 818 1138 exsistentiam
840 1075 971 1156 pertinet
986 1091 1052 1136 esse
1075 1071 1375 1156 syntheticam')

253 1191 399 1271 quomodo
422 1189 617 1265 contendetis,
642 1187 976 1286 quaesouexsistentiae
991 1187 1194 1267 praedicatum
1217 1187 1282 1249 sino
1304 1203 1376 1249 oon·

253 1301 426 1363 tradictiooe
449 1300 513 1362 tolli
536 1317 595 1361 non
619 1317 718 1380 posse,
742 1317 834 1380 quum
858 1299 915 1360 hoo
933 1297 984 1378 jus
1007 1297 1199 1378 praecipuum
1223 1297 1376 1378 analyticis

251 1419 365 1472 tantum
387 1409 642 1492 propositionibus
664 1411 817 1490 proprium
841 1407 902 1470 siti
945 1407 1069 1470 Plurimi
1097 1407 1267 1488 logicum
1291 1425 1399 1487 prae-1

249 1521 380 1582 dicatum
402 1539 471 1582 cum
493 1539 584 1581 sero
612 1519 657 1596 (id
680 1527 725 1581 est
747 1517 919 1579 delinitione
941 1517 1068 1598 alicujus
1091 1517 1149 1594 rei)
1176 1517 1374 1580 confundunt.

250 1629 455 1692 Praedicatum
496 1629 671 1708 logicum
711 1628 912 1708 quodcunque
943 1627 1018 1690 velis
1050 1645 1117 1688 esse
1149 1633 1257 1707 potest.
1315 1625 1374 1688 Sed

252 1737 446 1798 delinitio
480 1737 681 1818 praedicatum
713 1745 776 1812 est,
822 1737 901 1817 quod
931 1743 1048 1816 praeter
1076 1735 1227 1796 notionem
1250 1734 1376 1816 alicujus

251 1847 378 1928 sabjecti
408 1847 533 1927 insuper
560 1845 674 1908 accedit
703 1863 827 1926 eamque
848 1845 1055 1926 amplificatur.
1100 1845 1204 1926 ltaque
1227 1861 1287 1906 noo
1312 1844 1375 1926 jam

250 1957 387 2037 subjecto
419 1957 519 2018 inesse
552 1956 650 2017 debet.
694 1956 823 2036 Apparet
852 1973 922 2016 vero
952 1973 1041 2016 esse
1063 1954 1139 2030 (sive
1161 1953 1374 2030 exsistere)

250 2083 380 2128 rerum
409 2066 612 2147 praedicatum
635 2065 691 2127 hoc
713 2075 758 2127 est
787 2066 938 2128 notionem
961 2064 1088 2145 alicujus
1111 2065 1154 2126 rei
1177 2081 1253 2145 quas
1274 2063 1312 2126 ad
1334 2063 1376 2126 al·

236 2158 343 2238 'terius
365 2177 518 2240 notionem
548 2175 667 2238 accedat
697 2193 757 2237 non
788 2193 865 2237 esse.
911 2175 980 2238 Sola
1003 2173 1160 2236 aillrmatio
1182 2174 1226 2236 rei
1248 2172 1375 2255 alicujus

248 2286 294 2347 rel
317 2287 502 2366 quarundam
526 2303 602 2366 quae
625 2303 678 2366 per
699 2304 732 2347 se
754 2285 834 2366 ipsas
856 2285 971 2365 positae
993 2295 1065 2346 sunt
1087 2283 1293 2346 definitionum
1317 2291 1372 2346 est.

248 2396 435 2475 Propositio:
469 2397 572 2457 Deus
601 2403 660 2458 est
689 2395 943 2474 omnipotens
973 2393 1048 2455 duos
1071 2393 1204 2456 continet
1225 2395 1372 2469 notiones,

250 2521 378 2582 quanam
399 2511 528 2582 utraque
551 2521 639 2564 suum
662 2503 753 2564 habet
774 2503 941 2582 objectum,
976 2501 1070 2564 Deum
1092 2503 1207 2566 seilicet
1227 2511 1257 2566 et
1279 2504 1375 2566 omnl-

251 2611 433 2690 potentiam3
464 2611 641 2672 vocabulum
672 2618 733 2671 est
760 2629 821 2672 non
850 2611 930 2672 aliud
960 2613 1161 2692 praedicatum
1193 2621 1238 2676 est
1268 2613 1320 2675 aed
1343 2613 1373 2676 id

253 2725 385 2794 unium,
431 2719 511 2799 quod
545 2718 747 2799 praedicatum
783 2729 969 2802 respectu
1006 2723 1042 2785 ad
1076 2723 1243 2804 subjectum
1277 2723 1371 2804 ponit.

250 2828 353 2908 ltaque
374 2827 400 2889 si
423 2828 590 2909 subiectum
614 2829 739 2906 (Deum)
762 2847 828 2892 oum
852 2831 990 2893 omnibus
1012 2833 1188 2913 praedicatis
1211 2831 1274 2896 suis
1297 2835 1374 2909 (cm-

248 2937 443 3017 nipotentiam
467 2941 602 3018 quoque)
625 2939 732 3018 colligo
754 2947 785 3002 et
805 2941 906 3003 Deus
930 2951 991 3003 est
1012 2959 1157 3023 propono,
1181 2959 1242 3004 non
1265 2961 1373 3004 norum

246 3047 346 3110 adlauo
367 3048 570 3126 praedicatum
593 3049 629 3109 ad
651 3049 803 3111 notionem
816 3051 870 3112 liei
886 3049 1006 3131 adjicio,
1030 3051 1081 3112 sed
1102 3051 1268 3132 subjectum
1285 3053 1374 3114 modo

248 3173 305 3237 per
326 3175 358 3218 se
381 3157 481 3237 ipsum
504 3175 572 3220 cum
596 3159 736 3220 omnibus
758 3160 822 3221 suis
844 3161 1021 3240 praedicatis
1043 3179 1122 3242 pono
1145 3173 1174 3224 et
1202 3179 1279 3223 rem
1309 3163 1374 3243 qui·

248 3267 315 3327 dem
338 3275 473 3346 respecto
495 3267 532 3330 ad
556 3285 651 3328 meam
675 3267 889 3332 notionem.
936 3253 997 3332 riae
1019 3271 1095 3333 duae
1116 3289 1210 3333 unum
1234 3271 1374 3352 idemque

247 3375 400 3437 continere
423 3376 534 3437 debent
562 3378 754 3457 usqueadeo
777 3379 814 3439 ad
841 3380 1013 3456 notionem,
1048 3399 1123 3461 quae
1145 3381 1372 3462 possibilitatem
1482 3427 1489 3440 .

248 3491 360 3546 tantum
383 3485 531 3565 significat
560 3503 596 3547 eo
618 3488 697 3566 quod
721 3505 783 3549 rem
807 3488 943 3551 absolute
969 3491 1067 3552 datam
1090 3493 1188 3572 cogito
1210 3493 1372 3574 quidquam

246 3594 375 3674 amplius
404 3595 544 3656 accedere
573 3603 681 3676 potest.
726 3597 828 3678 Neque
858 3597 925 3661 ideo
954 3619 1002 3662 res
1031 3619 1100 3662 vcro
1129 3604 1277 3666 exsistens
1303 3604 1372 3684 plus

246 3704 388 3779 continet,
413 3723 502 3784 quam
526 3723 602 3784 quae
624 3713 739 3768 motum
763 3709 914 3788 possibilis
936 3717 991 3772 est.
1032 3711 1157 3776 Centum
1181 3713 1242 3778 reri
1264 3713 1371 3776 tlralori

246 3831 285 3874 ne
307 3814 463 3875 minimum
486 3815 606 3894 quidem
629 3816 706 3878 ultra
729 3819 884 3881 continent
904 3837 992 3900 quam
1009 3829 1128 3884 centum
1148 3823 1253 3886 thaleri
1276 3825 1373 3905 possi·

247 3921 332 3984 biles.
379 3923 437 3985 Sed
466 3927 609 4004 pecuniae
639 3945 722 3988 meae
751 3927 884 4007 prolecto
907 3929 974 4010 plus
997 3931 1167 4009 continent,
1203 3933 1229 3994 si
1252 3941 1370 3994 centum
1409 3935 1411 3940 '

245 4051 331 4094 seros
353 4033 494 4107 thaleros,
519 4035 654 4114 quamsi
677 4035 770 4099 solam
794 4057 897 4102 corum
921 4039 1072 4101 notionem
1094 4060 1184 4121 pono.
1221 4041 1370 4104 Reseoim

251 4193 555 4207 ——-.-...—.-..

257 4350 262 4360 .
314 4293 343 4358 3)
366 4293 399 4343 ci.
419 4293 437 4344 l.
457 4310 479 4345 c.
500 4295 642 4364 Proposltio
666 4299 858 4364 syncletica
883 4315 913 4350 ea
932 4307 978 4358 est,
1006 4315 1053 4365 quo
1072 4303 1244 4370 praedicaturo
1263 4305 1294 4354 ud
1312 4303 1369 4354 sub-

244 4377 342 4442 jectum
360 4377 467 4429 accedit.
