3260 5058
655 425 976 492 *qs-

254 604 406 666 litatem
431 611 464 680 (ς
477 603 531 682 20)
545 607 694 686 proponit,
719 625 810 686 quum
831 606 963 666 omnium
984 607 1083 686 potius
1106 607 1272 668 realitatum
1296 609 1378 687 prin-

254 715 362 794 cipium
386 713 435 790 sit,
457 715 519 794 jam
549 715 667 796 saepius
698 715 734 776 de
763 715 818 776 hac
848 734 880 776 re
903 714 992 778 locuti
1012 715 1219 796 judiciumque
1242 724 1377 778 nostrum
1403 754 1405 760 ι

253 825 379 904 professi
403 844 518 886 sumus,

338 909 435 995 riolci
465 935 586 1014 vestigia
619 935 698 1016 quod
729 935 835 996 attinet
863 936 900 996 ad
936 943 1144 1014 argumentum
1176 935 1376 1014 ontoiogicum

253 1043 379 1105 maxime
408 1051 583 1124 persecutus
606 1052 651 1106 est
679 1045 852 1106 Joannes
876 1045 1072 1124 Georgius
1095 1045 1285 1106 Suizerus
1310 1045 1377 1106 Hel·

254 1155 381 1228 reticuS,
417 1155 466 1233 qui
498 1163 584 1216 natus
608 1155 812 1216 Winterthurii
843 1155 872 1216 in
905 1155 1014 1236 oppido
1043 1156 1111 1235 pagi
1133 1155 1266 1235 Tigurini
1297 1175 1376 1219 anno

254 1261 336 1325 1720
366 1264 414 1324 diu
438 1263 639 1343 Magdeburgii
671 1272 732 1325 tum
758 1264 886 1326 Beroiini
917 1265 1058 1345 magister
1086 1265 1224 1344 publicus
1255 1265 1326 1326 vixit
1348 1273 1378 1325 et

252 1373 308 1433 hac
331 1373 361 1433 in
386 1373 459 1434 urbe
488 1392 566 1433 anno
591 1371 673 1435 1779
695 1393 711 1434 e
733 1374 789 1435 vita
821 1374 954 1435 excessit.
1000 1373 1074 1454 Ejus
1096 1374 1149 1434 viri
1173 1375 1281 1454 scripta
1305 1373 1375 1436 varii

252 1482 416 1562 argumenti
441 1483 579 1544 defuncto
599 1483 662 1563 jam
684 1493 804 1544 auctore
827 1483 856 1543 in
877 1483 972 1544 lucem
986 1483 1161 1563 prodierunt
1176 1481 1205 1559 5)
1229 1503 1245 1543 e
1267 1483 1376 1562 quibus

253 1591 436 1667 dissertatio,
468 1613 544 1673 quae
567 1593 758 1654 inscribitur:
794 1591 1021 1672 Explicatio
1057 1593 1236 1653 notionis
1270 1593 1376 1653 entis

252 1700 447 1778 aeterni⁶)
478 1703 645 1782 germanica
677 1703 776 1782 lingua
806 1710 1014 1781 argumentum
1045 1721 1099 1783 pro
1122 1702 1174 1763 Dei
1205 1702 1375 1764 exsistentia

251 1811 309 1873 hoc
327 1811 416 1872 modo
432 1813 589 1892 proponit:
614 1813 753 1884 Quamvis
776 1811 937 1873 realitatem
963 1811 1092 1872 notionis
1115 1831 1202 1890 quam
1227 1811 1263 1872 de
1286 1819 1375 1874 ente

251 1929 413 1982 aeterno
443 1921 627 2001 concipimus
650 1941 820 1983 concessam
844 1941 956 2002 ponere
977 1941 1153 2001 possemus,
1188 1922 1376 2002 quandoqui-

236 2006 319 2090 'dem
348 2031 386 2092 ab
416 2031 555 2091 omnibus
578 2030 763 2110 philosophis
786 2038 815 2091 et
836 2031 967 2110 antiquis
994 2038 1024 2091 et
1046 2031 1262 2092 recentioribus
1284 2051 1375 2108 agno-

252 2139 355 2214 scitur,
380 2139 617 2218 disquisitionem
641 2149 737 2201 tamen
756 2149 888 2201 nostram
906 2140 1109 2220 incipiemusa
1124 2141 1374 2208 demonstratione

251 2267 339 2328 quam
363 2257 475 2310 veteres
502 2249 563 2329 jam
586 2251 622 2310 ad
647 2251 819 2310 firmandam
852 2249 932 2310 iilam
955 2249 1127 2311 ueritatem:
1173 2251 1273 2330 quod
1307 2269 1373 2310 ens

250 2357 413 2438 aliquod
437 2358 599 2419 exsistit
621 2358 736 2438 cujus
766 2359 1007 2420 exsistentia
1038 2359 1188 2420 nulium
1212 2378 1371 2439 prorsus

251 2468 410 2528 initium
442 2467 581 2530 habuit
613 2475 841 2548 proposuerunt.
889 2468 971 2539 Quae
1001 2469 1214 2530 demonstratio
1237 2468 1371 2529 innititur

249 2579 395 2658 principio
418 2579 633 2658 experientiae:
668 2579 768 2659 quod
799 2578 955 2658 aliquid
986 2579 1150 2640 exsistit
1176 2585 1206 2640 et
1227 2578 1372 2658 principio

249 2689 390 2750 rationis:
425 2688 525 2767 quod
555 2709 596 2750 ex
628 2689 755 2750 nihilo
786 2688 889 2750 nihii
912 2689 970 2750 iit.
1016 2689 1059 2749 Ex
1081 2689 1128 2749 his
1151 2687 1268 2750 duobus
1291 2688 1374 2768 prin-

146 2819 154 2826 ·
250 2798 335 2878 cipiis
358 2801 502 2878 sequitur,
527 2799 606 2878 quod
629 2799 741 2878 aliquid
765 2818 919 2878 semper
941 2799 1101 2874 exstiterit:
1132 2800 1248 2860 namsi
1272 2807 1373 2860 contra

251 2910 509 2983 contenderemus,
534 2929 589 2970 nos
610 2929 625 2969 a
650 2909 768 2968 saeculo
790 2909 827 2968 ad
850 2909 1001 2969 saeculum
1019 2909 1233 2970 adscendentes
1256 2909 1374 2969 tandem

250 3019 285 3080 ad
309 3030 427 3098 tempus
449 3019 598 3098 quoddam
622 3026 815 3098 perventuros
845 3036 929 3092 esse,
965 3026 1033 3079 ante
1063 3019 1142 3098 quod
1175 3017 1248 3079 nihil
1278 3017 1375 3078 adhuc

250 3129 411 3202 exstiterit,
447 3147 482 3189 ex
504 3129 559 3188 bac
580 3127 784 3207 propositione
806 3128 992 3200 necessario,
1028 3129 1106 3208 quod
1130 3127 1217 3207 piane
1239 3136 1374 3207 apertum

250 3246 304 3314 est,
329 3245 520 3318 sequeretur,
552 3238 632 3318 quod
656 3237 754 3317 itaque
778 3237 866 3298 etiam
882 3237 978 3319 ‘hodie
1001 3237 1075 3297 nitnt
1099 3237 1270 3310 exsisteret,
1306 3235 1373 3316 quia

250 3347 434 3429 impossibiie
456 3355 515 3423 est,
540 3348 613 3409 iilud
636 3348 712 3408 nihil
734 3348 812 3427 quod
835 3359 903 3408 ante
926 3347 983 3408 hoc
1004 3355 1121 3418 tempus
1146 3345 1267 3425 ponitur
1288 3345 1375 3425 quid-

250 3477 338 3540 quam
369 3458 404 3518 ad
429 3458 630 3518 exsistendum
661 3457 847 3538 produxisse.
894 3457 973 3518 Haeo
995 3457 1085 3536 igitur
1107 3456 1289 3536 praesumtio
1302 3431 1375 3516 ¹om-

253 3569 325 3630 nino
358 3567 518 3646 rejicienda
560 3578 606 3629 est
639 3569 771 3646 adeoque
805 3586 924 3646 semper
955 3566 1068 3645 aliquid
1102 3566 1221 3626 exstitit.
1273 3566 1375 3646 Neque

250 3675 407 3755 quisquam
430 3677 526 3736 adhuc
548 3675 621 3756 quin
643 3678 700 3737 hoc
722 3695 825 3736 verum
848 3676 887 3736 sit
909 3674 1062 3736 dubitavit.
1099 3674 1162 3747 Qua
1185 3683 1283 3736 autem
1307 3694 1375 3755 pro·

249 3786 397 3868 positione
419 3803 558 3848 concessa
590 3787 645 3848 hoc
668 3805 788 3866 quoque
811 3784 991 3847 concedatur
1021 3805 1142 3847 necesse
1166 3793 1228 3846 est:
1274 3785 1373 3864 quod

257 3979 559 3992 maa—mn-

318 4100 346 4164 u)
365 4099 397 4148 ci.
419 4097 568 4157 Sulzeri,
589 4097 611 4149 J.
634 4099 679 4152 G.:
702 4097 801 4165 Scripta
810 4097 981 4165 philosophiee
989 4097 1056 4147 varii
1072 4095 1212 4160 argumenti
1225 4103 1275 4146 tom
1286 4096 1294 4147 i
1305 4097 1370 4148 ed2.

251 4181 351 4249 Lipsiae
369 4184 443 4234 1782.
483 4182 582 4248 Scripta
606 4183 670 4232 varii
694 4182 835 4246 argumenti
859 4195 916 4232 curn
940 4180 1117 4232 commentario
1136 4180 1167 4229 de
1194 4180 1305 4230 auctoris
1323 4181 1375 4231 situ

253 4267 355 4334 Lipsiae
375 4269 451 4318 1781.

319 4353 347 4416 a)
366 4351 399 4400 ci.
420 4349 437 4403 l.
459 4367 480 4400 c.
503 4352 591 4403 tomi.
613 4368 637 4418 p.
658 4353 708 4403 ata
726 4367 779 4417 sqq.
