3260 5058
642 471 965 540 -57-

240 657 307 718 dem
329 673 390 718 non
413 655 546 730 exsistit,
578 655 609 716 in
632 654 696 735 ipsa
719 653 785 734 ejus
807 659 931 729 natura,
963 671 1039 733 quae
1061 657 1220 733 propterca
1242 645 1361 714 contra·

241 767 401 829 dictionem
423 765 594 827 involveret.
639 766 734 843 Atque
766 763 824 824 hoc
856 763 894 826 de
926 767 995 826 ente
1027 763 1163 825 absolute
1191 763 1308 826 inunita
1330 767 1362 824 et

241 895 356 938 summe
378 877 510 956 perfecto
539 875 686 936 affirmare
716 873 879 936 absurdum
902 878 965 948 ort,
997 891 1068 952 ergo
1091 891 1147 934 nec
1168 872 1199 934 in
1221 872 1283 934 Deo
1307 889 1362 934 nec

241 993 321 1048 extra
344 987 438 1047 Deum
460 985 520 1046 ulla
543 1003 630 1046 causa
653 1001 707 1044 seu
729 983 805 1044 ratio
828 983 932 1057 datur,
967 1001 1043 1062 quae
1069 981 1134 1062 ejus
1157 980 1360 1043 exsistentiam

239 1095 326 1156 toltat
348 1115 381 1158 ao
402 1095 526 1174 proinde
548 1094 628 1155 Deus
651 1092 819 1154 necessario
842 1091 969 1154 exsistit.
1015 1092 1163 1154 Aliter:
1186 1091 1278 1152 Posse
1299 1109 1360 1152 non

240 1204 382 1266 exsistere
411 1203 584 1284 impotentia
609 1209 671 1279 est,
707 1209 738 1264 et
759 1209 862 1264 contra
886 1220 974 1282 posse
996 1201 1138 1264 exsistere
1159 1200 1292 1282 potentia
1315 1206 1363 1262 est

240 1321 275 1376 ut
297 1333 350 1395 por
372 1333 404 1376 se
427 1320 543 1376 notum.
585 1313 615 1375 Si
640 1331 710 1392 ergo
733 1313 762 1374 id
785 1312 865 1393 quod
885 1312 946 1392 jam
971 1312 1139 1374 necessario
1162 1310 1280 1374 exsistit
1300 1327 1360 1372 oon

239 1425 296 1486 nisi
320 1425 398 1486 entia
421 1425 503 1486 finita
526 1430 615 1498 sunt,
644 1441 714 1502 ergo
737 1423 816 1484 entia
839 1423 922 1484 finita
945 1422 1113 1502 potentiora
1136 1427 1204 1484 eote
1226 1420 1361 1482 absolute

239 1534 374 1608 infinito,
409 1540 499 1613 atque
522 1533 588 1607 hoc,
614 1539 648 1594 ut
668 1551 722 1611 per
745 1551 777 1592 se
799 1538 922 1606 notrun,
947 1531 1110 1593 absurdum
1133 1538 1193 1606 est;
1224 1549 1294 1610 ergo
1316 1529 1361 1592 vel

239 1644 314 1706 nihii
337 1643 454 1704 exsistit
474 1641 519 1702 vei
540 1659 597 1702 ens
615 1640 750 1702 absolute
769 1639 919 1700 infinitum
939 1640 1105 1701 necessario
1125 1640 1214 1700 etiarn
1233 1639 1359 1702 exsistit.

147 1747 148 1750 '
239 1751 329 1830 Atqui
352 1769 407 1811 nos
429 1750 474 1810 vel
497 1750 528 1810 in
559 1748 648 1810 nobis
668 1749 712 1809 vel
736 1749 765 1808 in
795 1748 853 1810 alio
876 1748 955 1827 quod
986 1748 1154 1810 necessario
1176 1748 1292 1810 exsistit
1313 1768 1362 1810 ex-

241 1861 376 1922 sistimus
399 1859 460 1935 (vid
482 1857 619 1920 axiom.1
644 1865 675 1922 et
696 1877 816 1938 propos.
840 1857 886 1934 7).
931 1859 1008 1938 Ergo
1031 1876 1085 1920 ens
1107 1857 1242 1920 absolute
1264 1858 1363 1920 infini-

241 1976 306 2030 tum
319 1969 376 2030 hoc
392 1975 440 2030 est
455 1973 522 2049 (per
534 1969 648 2030 definit.
661 1965 707 2043 6).
728 1969 807 2032 Deus
819 1969 987 2032 necessario
1001 1968 1127 2030 exsistit.
1152 1968 1359 2030 Scholion:

241 2079 275 2142 ln
297 2080 354 2141 hac
383 2079 486 2142 ultima
516 2077 770 2142 demonstratione
793 2079 846 2141 Dei
877 2079 1082 2142 exsistentiam
1103 2097 1121 2140 a
1142 2078 1361 2160 posteriori

240 2190 398 2252 ostendere
419 2190 508 2262 volui,
533 2196 568 2251 ut
590 2189 803 2252 demonstratio
825 2190 940 2252 facilius
952 2189 1165 2270 perciperetur,
1189 2195 1362 2252 nouantem

240 2301 319 2380 qnod
343 2319 378 2362 ex
400 2300 458 2362 hoc
479 2300 583 2362 eodem
606 2300 801 2362 fundamento
823 2300 877 2362 Dei
908 2299 1079 2362 exsistentia
1102 2318 1119 2362 a
1141 2299 1271 2380 priori
1300 2318 1361 2360 non

239 2417 391 2490 sequatur.
443 2411 519 2472 Nam
548 2429 639 2490 quum
668 2429 757 2490 posse
787 2410 929 2472 exsistere
958 2411 1091 2489 potentia
1122 2409 1178 2485 sit,
1213 2409 1359 2489 sequitur,

240 2539 300 2598 quo
322 2520 390 2598 plus
412 2519 552 2580 realitalis
574 2519 701 2596 alicujus
723 2518 766 2578 rci
788 2525 911 2578 naturae
933 2519 1083 2596 competit,
1108 2535 1144 2578 eo
1166 2518 1234 2597 plus
1255 2519 1362 2580 virium
1408 2595 1411 2602 .

241 2645 313 2688 ase
341 2627 468 2701 habere,
504 2634 537 2686 ut
565 2626 686 2686 exsistat
715 2626 848 2702 adeoque
876 2643 929 2685 ens
958 2624 1094 2686 absolute
1123 2625 1272 2688 infinitum
1302 2628 1363 2690 sire

241 2735 336 2798 Deum
359 2735 503 2796 infinitam
526 2733 659 2796 absolute
682 2733 844 2813 potentiam
874 2733 1034 2796 exsistendi
1055 2753 1073 2796 a
1095 2751 1127 2795 se
1149 2734 1277 2811 habere,
1312 2738 1362 2816 qui

242 2857 395 2926 propterea
419 2845 554 2908 absolute
570 2843 693 2906 exsistit.
727 2843 811 2906 Multi
838 2852 935 2907 tamen
958 2845 1059 2907 forsan
1081 2863 1142 2906 non
1164 2845 1250 2907 facile
1271 2846 1362 2927 hujus

241 2956 501 3019 demonstrationis
524 2955 699 3018 evidentiam
722 2956 821 3020 videre
842 2933 985 3038 possunt,
1014 2959 1065 3039 qui
1087 2958 1197 3022 assucti
1222 2965 1363 3020 sunteas

240 3067 428 3129 solummodo
450 3085 499 3130 res
521 3067 733 3146 contemplari,
768 3087 844 3148 quae
866 3087 883 3130 a
906 3068 1004 3130 causis
1034 3069 1162 3130 externis
1185 3069 1298 3143 fluunt,
1334 3074 1362 3128 et

240 3195 275 3236 ex
297 3177 344 3238 his
367 3193 443 3256 quae
472 3177 531 3238 rito
561 3179 637 3238 dunt
665 3178 723 3238 hoc
752 3187 798 3240 est
827 3197 903 3256 quae
926 3178 1011 3240 facile
1034 3178 1180 3238 exsistunt
1201 3195 1251 3238 eas
1274 3177 1361 3238 axiam

241 3284 326 3346 facite
348 3286 445 3363 parire
468 3285 582 3359 rident,
607 3293 637 3346 et
658 3294 760 3346 contra
784 3305 833 3348 eas
855 3305 903 3348 res
926 3288 1005 3348 iactu
1028 3286 1209 3348 difficiliores
1228 3285 1363 3365 judicant

241 3391 298 3452 hoc
320 3399 365 3453 est
393 3393 428 3456 ad
452 3393 654 3456 exsistentium
684 3412 744 3454 non
767 3395 841 3456 adeo
863 3394 982 3470 faciles,
1017 3394 1054 3456 ad
1084 3413 1159 3474 quas
1188 3394 1272 3474 plura
1295 3409 1362 3473 per·

243 3501 336 3562 tinere
359 3501 540 3581 concipiunt.
586 3502 692 3564 Verum
716 3511 749 3564 ut
771 3502 808 3564 ab
830 3503 877 3565 his
900 3503 1091 3584 praejudiciis
1113 3503 1279 3566 liberentur
1301 3521 1361 3564 non

241 3629 317 3691 opus
339 3610 433 3674 habeo
455 3611 504 3674 hic
525 3613 698 3688 ostendere,
723 3631 780 3693 qua
805 3613 919 3676 radone
939 3614 998 3676 hcc
1019 3613 1227 3676 enuntiatum:
1261 3612 1361 3694 quod

242 3721 321 3783 cito
344 3720 392 3782 iit
413 3721 492 3783 cito
514 3723 619 3802 perit
640 3741 742 3785 verum
765 3723 820 3798 sit,
855 3741 911 3785 nec
933 3724 1020 3786 etiam
1050 3743 1088 3786 an
1111 3731 1247 3804 respectu
1269 3723 1360 3788 totius

241 3838 365 3892 naturas
394 3830 492 3892 omnia
522 3849 614 3910 aeque
645 3832 741 3896 facilia
770 3833 829 3896 sint
858 3852 897 3896 an
927 3851 1023 3896 secus.
1071 3833 1130 3896 Sed
1159 3834 1216 3896 hoc
1246 3841 1360 3896 tanturn

242 3947 344 4002 nonro
366 3939 485 4014 sufficit,
510 3959 557 4002 me
579 3941 628 4004 hic
649 3959 710 4004 non
730 3943 814 4022 loqui
827 3944 864 4004 de
881 3942 971 4006 rebus
990 3961 1096 4022 quasa
1113 3943 1213 4004 causis
1231 3943 1360 4004 externis

241 4051 326 4124 tiuut,
351 4051 403 4112 sed
427 4051 464 4112 de
487 4050 558 4112 solis
581 4050 765 4126 substantiis,
789 4057 1077 4132 quas(perpropos.
1092 4049 1126 4127 6)
1143 4071 1160 4114 a
1178 4051 1358 4116 uullacausa

241 4167 359 4222 externa
391 4159 512 4240 produci
543 4167 677 4240 possunt.
729 4161 787 4222 Res
820 4162 917 4239 eninr,
953 4181 1029 4242 qnae
1058 4181 1074 4223 a
1104 4161 1201 4224 causis
1231 4161 1360 4224 externis

241 4270 333 4342 tium,
369 4270 428 4332 sive
450 4289 502 4332 eae
524 4269 627 4332 multis
656 4269 791 4349 partibus
811 4279 948 4334 constent
977 4271 1038 4334 sive
1060 4271 1179 4351 pauciS,
1215 4271 1359 4351 quidquid

240 4380 430 4460 perfectionis
452 4381 513 4442 sire
536 4380 675 4442 rectitatis
697 4379 816 4455 habent,
841 4381 870 4442 id
890 4399 978 4444 omne
990 4381 1088 4444 virtuti
1104 4360 1212 4444 'causae
1223 4389 1359 4444 externae
