3236 5076
221 651 349 713 quorum
372 631 497 692 alterum
520 629 613 690 altero
634 628 835 708 praestantius
858 633 913 688 est.
958 625 1001 687 Ad
1028 625 1102 688 illud
1125 625 1204 706 quod
1227 631 1340 691 tantum

222 749 283 804 cst
304 741 402 802 omnia
426 741 576 820 pertinent
597 735 822 818 corporalia
845 755 922 817 quoe
937 755 1045 798 sensus
1061 736 1155 798 nostri
1171 735 1339 815 adtingunt.

222 851 359 914 utillud
383 850 462 930 quod
497 857 534 911 et
566 857 625 910 est
659 855 697 909 et
728 848 826 909 virit
858 847 915 927 ipsi
943 865 1083 908 sensus
1111 846 1245 907 nostri
1267 846 1343 907 rele-

224 969 340 1024 ruutur.
386 960 444 1022 Sed
468 959 668 1040 praestantius
697 957 886 1019 sensibus
908 957 968 1018 illis
998 956 1271 1018 exterioribus
1298 963 1344 1015 est

222 1089 365 1132 seusus
388 1070 578 1144 interior,
614 1087 701 1149 quern
732 1068 852 1148 qrriclem
881 1067 1074 1130 rationem
1104 1065 1252 1147 appellare
1282 1083 1343 1128 non

222 1197 394 1262 possumus,
418 1179 486 1260 quia
509 1187 539 1240 et
560 1179 672 1240 bestiae
694 1179 745 1240 illc
767 1177 919 1258 praeditae
942 1185 1022 1251 sunt,
1048 1177 1099 1257 qui
1122 1185 1218 1238 tamen
1243 1177 1345 1237 morle-

224 1297 305 1351 rutor
326 1299 355 1351 et
373 1290 465 1370 juder
487 1290 606 1370 quidam
629 1307 772 1352 sensuum
795 1290 975 1350 exteriorum
999 1296 1053 1350 est.
1088 1287 1168 1349 Nulli
1181 1297 1278 1348 autern
1291 1286 1345 1347 du-

225 1400 308 1462 biorn
329 1407 378 1461 est
406 1419 473 1462 eum
503 1400 555 1480 qui
582 1399 697 1480 judicat
725 1419 761 1460 ec
791 1400 828 1460 de
857 1417 915 1480 quo
941 1398 1058 1479 judicat
1086 1415 1152 1459 esse
1179 1397 1343 1459 meliorem.

225 1511 338 1572 Ratio
372 1519 469 1572 autem
493 1511 554 1572 siva
587 1510 869 1590 intelligentia
902 1510 1067 1570 humana
1098 1509 1186 1570 etiam
1210 1507 1253 1569 de
1275 1508 1346 1568 hcc

225 1622 424 1682 interiore
446 1639 565 1682 sensu
585 1620 709 1700 judicat.
755 1621 821 1691 Quo
844 1620 1033 1682 manifestum
1057 1620 1099 1693 fit,
1125 1617 1197 1678 nibil
1221 1617 1346 1679 inveniri

226 1749 324 1811 posse,
349 1731 429 1809 quod
452 1731 483 1790 in
507 1738 611 1791 natura
634 1729 768 1791 hominis·
786 1729 900 1790 ratione
923 1736 1002 1790 esset
1024 1727 1192 1790 sublimius
1240 1727 1298 1788 Sed
1321 1729 1345 1788 si

226 1839 340 1918 aliquid
363 1839 580 1913 inveniremus,
612 1839 691 1918 quod
715 1839 872 1900 ratione
894 1845 1030 1899 nostra
1052 1838 1345 1918 praestantius

228 1950 289 2010 imo
312 1947 477 2010 omnium
501 1967 595 2028 quae
617 1949 789 2028 cogitari
812 1955 982 2028 possunt
1003 1949 1120 2028 longe
1141 1955 1348 2028 praestan-

228 2059 424 2120 tissimum
447 2067 542 2134 esset,
578 2059 662 2120 illum
686 2077 752 2120 esse
775 2060 889 2120 Deum
914 2057 1170 2121 concederemus?
1214 2059 1300 2120 Certe
1323 2059 1348 2119 si

228 2169 452 2230 concedendum
487 2169 574 2232 nubis
607 2175 704 2244 esset,
739 2177 769 2230 et
801 2170 966 2250 corporalia
999 2170 1097 2230 omniu
1124 2175 1156 2230 et
1181 2169 1267 2230 vitam
1291 2187 1349 2248 qua

228 2297 336 2360 coquus
358 2280 508 2342 animatur
529 2289 559 2342 et
580 2280 675 2360 ipsam
698 2281 843 2342 rationem
870 2282 1031 2342 humanam
1059 2281 1202 2342 fluxum
1233 2298 1298 2340 esse
1321 2287 1350 2340 et

229 2391 473 2465 mutabilem,
510 2409 576 2452 esse
598 2399 696 2454 autem
719 2391 831 2470 aliquid
854 2398 1059 2452 aeternum
1083 2399 1112 2452 et
1134 2391 1350 2452 incommu-

229 2501 355 2563 tabile
384 2510 437 2562 aut
465 2502 502 2562 id
532 2503 658 2580 ipsum
690 2509 744 2562 aut
772 2502 797 2562 si
826 2502 898 2581 quid
921 2519 1038 2580 supra
1062 2509 1158 2575 esset,
1193 2519 1261 2562 eum
1285 2519 1350 2562 esse

230 2611 346 2672 lleum
377 2608 592 2685 lateremurt).
639 2610 704 2681 Qua
726 2610 920 2688 explicatione
941 2616 1058 2689 peracta
1080 2609 1263 2688 Augustinus
1285 2629 1351 2671 esse

230 2719 342 2798 aliquid
372 2719 486 2780 ratione
516 2719 643 2780 bumana
674 2718 833 2780 sublimius
868 2727 1019 2780 aeternum
1050 2725 1081 2780 et
1109 2719 1351 2781 incommutabile

230 2830 436 2892 demonstrare
459 2829 575 2890 studet:
611 2829 778 2910 erodquocl
801 2848 943 2891 sensus
965 2831 1095 2891 nostri
1119 2827 1297 2910 percipiunt,
1321 2829 1352 2890 id

231 2939 286 3002 etsi
308 2939 444 3020 plures
478 2940 658 3002 homines
687 2940 787 3002 idern
818 2940 971 3002 sentire
1001 2949 1128 3020 possunt
1157 2949 1255 3001 tumen
1282 2959 1352 3001 suo

230 3050 401 3131 quisque
435 3069 555 3114 sensu
589 3050 724 3130 percipit.
780 3051 818 3112 Et
851 3059 920 3112 sunt
952 3051 1071 3132 quidem
1105 3050 1176 3112 alii
1210 3063 1353 3111 sensus

231 3179 258 3222 a.
293 3180 322 3240 g.
357 3161 518 3222 videndi
551 3170 589 3222 et
612 3153 807 3222 ⁴audiendi
841 3169 871 3222 et
903 3161 1111 3240 tangendi,
1155 3161 1206 3240 qui
1239 3179 1352 3220 unam
1459 3145 1463 3152 ¹

232 3271 473 3348 eundemque
495 3289 572 3331 rem
594 3270 786 3331 autsimul
809 3279 860 3331 arrt
882 3279 961 3332 certo
984 3269 1157 3331 diversis
1181 3271 1353 3350 temporis

233 3379 378 3458 spatiis
406 3378 560 3458 percipere
589 3387 732 3457 possunt;
777 3379 848 3440 alii
879 3399 904 3440 c.
930 3399 958 3459 g.
990 3379 1211 3441 ollnciendi
1234 3391 1263 3441 et
1285 3399 1354 3460 gu-

233 3486 383 3562 standi,
419 3487 470 3565 qui
493 3487 651 3548 eandem
676 3507 752 3549 rem
775 3497 827 3549 aut
849 3499 927 3550 certe
955 3490 1114 3550 eandem
1138 3491 1194 3552 rei
1217 3491 1354 3572 cujus-

234 3598 334 3659 libet
372 3605 519 3678 partem
552 3599 705 3678 percipere
742 3607 904 3678 nequeunt.
961 3600 1163 3680 Proprium
1202 3601 1292 3680 igitur
1324 3610 1353 3663 et

234 3707 317 3788 quasi
351 3708 795 3788 privatumintelligentlum
818 3717 880 3784 est,
916 3711 996 3789 quod
1028 3710 1188 3789 unicuique
1219 3716 1353 3773 nostrum

233 3818 290 3880 soli
312 3825 357 3880 est
380 3825 409 3878 et
430 3819 510 3896 quod
532 3819 563 3880 in
587 3837 619 3880 se
633 3819 723 3884 vselus
746 3819 844 3894 sentit,
870 3821 949 3899 quod
966 3820 1002 3881 ad
1018 3839 1103 3882 suano
1127 3831 1263 3884 naturam
1285 3840 1355 3902 pro-

233 3927 466 4008 priepertine13
501 3947 700 3990 commune
730 3937 827 3990 autem
851 3937 880 3990 et
906 3929 989 4008 quasi
1019 3929 1239 4010 publicum,
1275 3933 1354 4014 quod

233 4037 270 4099 ab
290 4039 429 4099 omnibus
450 4039 646 4100 sentientibus
666 4040 730 4101 sine
742 4040 801 4104 ulla
818 4040 865 4102 sui
877 4042 1067 4124 corruptione
1084 4050 1113 4104 et
1124 4041 1354 4107 commeatione

235 4147 370 4212 sentitur.
416 4150 526 4210 Tamen
556 4149 586 4212 id
616 4151 843 4232 quoquequod
877 4152 1017 4216 omuibus
1046 4153 1354 4218 suasionibuseom-

303 4383 332 4447 a)
352 4383 385 4435 ci.
406 4382 422 4432 l.
444 4399 465 4433 o.
484 4399 538 4452 cap.
559 4383 646 4437 l-lv.
