3236 5076
639 445 961 515 ...53-

240 636 365 692 tantum.
410 628 547 690 VlUna
579 627 811 692 substantia
844 645 918 690 non
952 634 1086 707 potest
1118 625 1283 707 produci
1316 625 1361 688 ab

238 739 315 800 alia
338 737 578 818 substant-ia.
623 736 863 798 Demonstratio:
897 737 927 798 iu
959 756 1059 798 rernm
1083 744 1186 798 natura
1210 755 1270 797 nou
1293 755 1361 816 pos·

239 857 311 912 sunt
332 849 394 910 dari
418 848 493 910 duae
515 847 698 910 substantiae
720 846 855 928 ejusdem
878 846 1013 908 attributi
1031 850 1100 926 (per
1111 865 1231 926 propos.
1246 850 1359 928 praec.)

238 959 297 1020 boc
319 967 364 1022 est
386 964 454 1038 (per
474 978 586 1039 propos
597 957 643 1033 2),
668 977 744 1038 quae
766 957 878 1038 aliquid
901 957 981 1018 iuter
1003 975 1035 1018 se
1057 975 1216 1018 commune
1238 956 1358 1018 babent.

237 1069 377 1148 Adeoque
400 1074 469 1148 (per
488 1088 599 1150 propos
609 1064 644 1144 3)
668 1087 727 1130 nna
748 1067 871 1130 alterius
893 1085 980 1128 causa
1004 1057 1069 1128 esse
1092 1066 1196 1146 nequit
1217 1066 1279 1128 sire
1302 1085 1360 1128 una

238 1181 275 1243 ab
304 1181 360 1242 alia
390 1199 450 1242 non
480 1189 578 1261 potest
606 1178 740 1260 produci.
788 1178 1067 1241 corollarium.
1100 1178 1190 1239 'Hinc
1212 1177 1357 1258 sequitur,

238 1290 432 1352 substantiam
454 1290 490 1352 ab
512 1290 571 1352 olio
600 1289 724 1370 produci
753 1307 813 1352 non
836 1307 935 1370 posse.
980 1289 1053 1350 Nam
1080 1288 1110 1348 in
1134 1307 1232 1349 rerum
1255 1295 1359 1348 natura

236 1401 312 1464 nibil
334 1401 421 1463 datur
441 1409 561 1481 praeter
582 1399 764 1462 substantias
792 1418 953 1479 earumque
975 1398 1145 1460 allectiones
1169 1405 1202 1459 ut
1223 1405 1303 1478 patet
1325 1415 1360 1460 ex

234 1513 344 1574 axiom.
369 1510 385 1574 1
410 1520 441 1574 et
462 1511 576 1572 definit.
600 1507 620 1573 3
643 1517 673 1572 et
693 1508 725 1572 5.
777 1508 865 1590 Atqui
894 1528 910 1570 a
941 1508 1105 1570 substantia
1139 1508 1264 1588 produci
1298 1527 1359 1570 non

153 1695 156 1702 ,
219 1630 333 1703 ‘potest
362 1625 431 1701 (per
460 1638 581 1700 propos.
610 1623 726 1700 praec.)
769 1619 847 1700 Ergo
877 1617 1040 1687 substantia
1071 1617 1204 1680 obsolute
1233 1617 1271 1679 ab
1300 1617 1358 1680 alio

235 1731 362 1811 produci
385 1749 444 1792 non
467 1736 576 1810 potest.
621 1729 730 1790 Aliter:
754 1729 975 1790 demonstratur
996 1728 1053 1789 hoc
1075 1727 1163 1790 etiam
1187 1727 1302 1790 facilius
1324 1747 1360 1790 ex

237 1840 367 1902 absurdo
389 1838 628 1902 contradictorio.
673 1838 747 1900 Nam
778 1837 803 1900 si
833 1837 997 1900 substantia
1028 1846 1129 1918 posset
1150 1837 1188 1900 ab
1210 1837 1268 1898 alio
1291 1857 1360 1918 pro·

238 1949 323 2026 duci,
359 1948 425 2029 ejus
447 1948 576 2030 cognitio
605 1967 621 2010 a
648 1948 815 2028 cognitione
844 1967 950 2010 causeo
979 1967 1049 2010 suae
1079 1949 1201 2011 deberet
1229 1949 1360 2030 pendero

238 2066 306 2141 (per
334 2059 429 2122 axiom
452 2058 487 2137 d)
517 2060 650 2140 adeoque
680 2064 748 2140 (per
770 2059 882 2122 definit.
907 2055 941 2134 3)
976 2078 1035 2120 non
1069 2068 1148 2126 esset
1180 2059 1357 2122 substantia.

235 2171 285 2232 llll
316 2171 366 2232 td
407 2179 582 2234 naturam
626 2170 884 2232 substantiae
928 2170 1106 2250 pertinet
1148 2169 1357 2232 exsistere.

234 2281 469 2344 Demonstratiot
493 2281 657 2344 substantia
680 2301 741 2344 uon
764 2288 862 2362 potest
883 2280 1007 2362 produci
1030 2280 1067 2342 ab
1090 2281 1147 2342 alio
1171 2285 1240 2362 (per
1255 2281 1356 2344 corall.

234 2410 353 2472 propos.
377 2396 510 2472 praee),
555 2392 611 2456 erit
640 2393 732 2472 igitur
761 2409 849 2454 causa
880 2391 926 2454 sui
956 2391 1063 2476 idest
1092 2397 1160 2472 (per
1186 2392 1299 2454 delinit.
1325 2389 1357 2466 1)

234 2501 329 2580 ipsius
351 2502 479 2562 essentia
502 2501 670 2562 necessario
692 2500 813 2562 involvit
835 2501 1053 2574 exsistentiam,
1078 2501 1138 2562 sive
1160 2500 1195 2562 ad
1219 2501 1283 2582 ejus
1307 2519 1359 2562 na·

236 2617 333 2670 turaxu
355 2609 485 2688 pertinet
505 2610 657 2670 exsistere.
702 2609 766 2668 Vlll
789 2609 923 2670 Omnis
952 2608 1178 2670 substantia
1209 2619 1269 2672 est
1295 2629 1359 2672 ne·

237 2717 414 2778 cessario
435 2717 616 2778 infinita.
662 2716 900 2803 Demonstratio:
925 2716 1090 2778 substantia
1116 2718 1204 2779 unius
1226 2719 1358 2780 attributi

236 2845 296 2888 non
331 2826 387 2888 nisi
422 2826 519 2888 unica
541 2825 657 2888 exsistit
690 2831 758 2907 (per
779 2845 900 2907 propos.
921 2826 956 2902 5)
987 2835 1016 2888 et
1043 2827 1080 2888 ad
1103 2822 1199 2907 ipsius
1223 2838 1356 2890 naturam

234 2936 362 3015 pertinet
390 2937 533 2998 exsistere
553 2941 621 3017 (per
632 2955 751 3018 propos.
766 2935 812 3014 7).
856 2937 911 2998 Est
930 2957 1003 3018 ergo
1022 2939 1058 3000 de
1077 2938 1171 3018 ipsius
1189 2947 1293 3001 natura
1313 2941 1357 3004 r'el

232 3045 314 3106 finita
338 3046 382 3108 rel
406 3046 520 3108 infinita
544 3046 695 3108 exsistere.
730 3047 766 3108 tt
787 3065 848 3108 non
870 3047 963 3110 finita.
997 3049 1071 3110 Nem
1095 3055 1163 3129 (per
1185 3050 1296 3112 delinit.
1322 3049 1355 3125 2)

231 3155 353 3217 deberet
375 3157 527 3218 terminari
550 3155 587 3218 ab
609 3157 664 3218 alia
688 3156 822 3237 ejusdem
835 3166 967 3232 naturae,
992 3177 1068 3238 quae
1083 3159 1171 3220 etiam
1185 3159 1353 3220 necessario

231 3266 352 3327 deberet
381 3267 522 3328 exsistere
552 3272 620 3346 (per
641 3285 762 3346 propos.
787 3265 822 3343 7)
852 3268 985 3348 adeoque
1015 3269 1158 3330 darentur
1187 3271 1262 3332 duae
1285 3270 1356 3331 sub-

231 3375 356 3436 stantiae
378 3375 512 3455 ejusdem
538 3384 659 3438 naturae
681 3377 742 3436 sive
764 3377 906 3452 attributi,
932 3379 1010 3458 quod
1035 3389 1081 3440 est
1101 3379 1263 3441 absurdum
1288 3385 1356 3460 (per

231 3503 352 3564 propos.
366 3484 413 3561 5).
458 3485 582 3548 Exsistit
603 3504 673 3566 ergo
695 3486 820 3548 infinita.
855 3488 1055 3550 Scholion:
1082 3488 1354 3566 nocumentum

231 3614 297 3656 esse
319 3614 439 3658 revera
462 3597 501 3658 sit
523 3616 558 3658 ex
580 3605 664 3676 parte
686 3598 802 3678 negatio
825 3607 854 3661 et
876 3599 1024 3662 infinitum
1045 3600 1178 3662 absolute
1198 3601 1353 3663 affirmatio

231 3705 418 3770 exsistentiae
448 3705 575 3786 alicujus
604 3716 745 3784 naturae,
781 3710 916 3790 seqnitur
946 3729 981 3772 ex
1009 3711 1072 3772 sola
1095 3709 1116 3772 7
1138 3712 1351 3792 propositione,

230 3833 349 3878 ornnem
384 3816 578 3879 substantiam
612 3819 721 3880 debere
754 3839 820 3881 esse
853 3821 1011 3884 infinitam.
1068 3821 1103 3897 2)
1137 3823 1202 3882 Non
1236 3822 1350 3897 dubito,

229 3925 301 4004 quin
324 3926 474 4002 omnibus,
499 3928 549 4008 qui
573 3929 609 3991 de
631 3930 722 3992 rebus
744 3931 867 3994 contuse
887 3931 1023 4012 judicant
1040 3950 1096 3992 neo
1111 3951 1159 3994 res
1175 3951 1229 4013 per
1241 3932 1352 4011 primas

228 4053 296 4097 suas
319 4055 423 4098 causas
445 4055 569 4100 noscere
590 4049 817 4115 consueverunt,
843 4041 962 4102 difficile
978 4041 1016 4102 sit
1031 4041 1313 4102 demonstrationem
1330 4039 1351 4103 7

227 4146 440 4224 propositionis
473 4148 644 4228 concipere;
678 4149 820 4212 nimirum
854 4150 923 4230 quia
958 4169 1018 4212 nou
1053 4150 1241 4230 distinguunt
1273 4151 1352 4214 inter

227 4256 459 4318 modificationes
482 4257 714 4320 substantiarum
738 4269 768 4320 et
789 4261 869 4340 ipsas
892 4259 1089 4335 substantias,
1122 4279 1217 4341 neque
1240 4262 1348 4335 sciunt,

226 4366 374 4444 quomodo
397 4386 445 4430 res
467 4367 686 4447 producuntur.
731 4369 816 4431 Unde
837 4371 887 4444 tit,
921 4378 953 4429 ut
976 4369 1174 4449 principium,
1198 4369 1278 4450 quod
1301 4387 1350 4432 res
