3236 5076
624 475 945 546 „43-

225 683 312 726 esse
352 661 530 723 ordinem
572 659 654 721 sive
695 658 994 720 successionem
1029 657 1221 738 quandam
1254 675 1346 718 oau-

225 793 353 834 sarum
394 771 683 834 efficientium:
729 777 792 830 tum
834 769 902 850 quia
938 767 1032 830 [teum
1073 767 1214 829 exsistere
1251 767 1346 828 multo

226 883 389 945 evidentius
419 902 484 944 esse
513 881 629 962 putavi,
666 900 755 961 qnam
778 880 853 941 ullas
877 899 923 940 res
951 879 1126 954 setrsibiles3
1171 877 1346 940 tumeliam

226 993 294 1074 quia
318 1011 371 1073 per
400 993 485 1053 istam
516 1011 673 1054 causarum
703 990 925 1052 successionem
953 1007 1012 1049 non
1035 988 1156 1048 videbar
1177 987 1235 1050 alio
1258 1005 1347 1067 posse

227 1103 372 1178 devenire,
397 1122 484 1182 quam
508 1103 544 1163 ad
567 1101 820 1182 imperfectionem
844 1099 902 1160 mei
925 1099 1093 1160 intellectus
1115 1097 1345 1178 agnoscendam,

226 1214 305 1294 quod
329 1233 434 1293 nempe
456 1232 515 1272 nou
540 1213 652 1292 possim
676 1211 944 1292 comprehendere,
968 1208 1263 1290 quomodoiosmitae
1275 1207 1348 1270 tales

226 1343 330 1385 causae
342 1323 398 1384 sibl
413 1334 515 1384 mutuo
532 1321 569 1384 ab
582 1330 702 1383 aeterno
717 1321 756 1382 ita
769 1320 976 1395 successerint,
997 1328 1029 1381 ut
1045 1319 1126 1381 nulla
1139 1319 1228 1380 luerit
1241 1318 1346 1398 prima.

225 1435 325 1514 ltaque
338 1433 428 1494 malui
444 1434 486 1494 uti
500 1452 554 1512 pro
574 1433 767 1493 fundamento
786 1450 869 1492 meae
891 1431 1126 1492 ratiocinationis
1149 1429 1349 1490 exsisten-

224 1545 276 1606 tia
300 1545 369 1605 mei
393 1540 539 1624 ipsius,
568 1562 646 1622 quae
668 1563 684 1602 a
709 1543 787 1602 nulla
812 1559 967 1602 causarum
990 1541 1067 1602 serie
1090 1539 1237 1620 dependet
1259 1539 1349 1602 milri·

225 1673 283 1734 que
312 1663 373 1714 tam
403 1661 472 1712 nota
504 1661 567 1726 est,
602 1660 635 1712 ut
664 1651 739 1711 nilril
770 1650 871 1710 notius
900 1669 967 1710 esse
998 1649 1102 1728 possit.
1149 1649 1261 1712 lleinde
1288 1667 1348 1710 non

227 1761 370 1842 quaesivi,
395 1780 471 1840 quae
495 1761 534 1820 sit
556 1779 643 1820 causa
666 1760 735 1834 mei,
760 1767 907 1838 quatenus
926 1768 1030 1820 consto
1050 1765 1151 1818 mente
1167 1766 1197 1818 ct
1214 1775 1348 1838 corpore,

229 1871 281 1932 sed
304 1870 437 1952 praecise
459 1877 585 1941 tantum,
609 1877 756 1950 quatenus
778 1887 844 1930 sum
868 1887 915 1929 res
937 1868 1088 1948 cogitans;
1114 1886 1180 1928 nam
1203 1867 1247 1928 sic
1268 1867 1351 1948 potui

231 1980 324 2040 multo
347 1979 454 2040 melius
476 1999 491 2040 a
516 1979 705 2060 praejudiciis
728 1997 775 2040 me
798 1979 943 2054 liberare,
971 1977 1007 2040 ad
1032 1986 1155 2040 naturae
1176 1977 1276 2040 lumen
1299 1976 1351 2038 ad-

230 2089 360 2164 tendere,
386 2089 568 2168 interrogare
591 2109 638 2150 me
661 2089 759 2170 ipsum
782 2108 816 2150 ac
839 2109 893 2170 pro
916 2097 996 2150 certo
1019 2090 1185 2162 affirmare,
1221 2087 1297 2150 nihil
1318 2087 1350 2148 in

227 2220 275 2261 me
295 2199 382 2280 cujus
413 2200 607 2261 nullomodo
638 2201 694 2260 sim
717 2201 856 2262 conscius
879 2219 944 2262 esse
967 2217 1066 2280 posse.
1113 2199 1266 2260 Praeterea
1290 2215 1351 2260 non

226 2321 341 2372 tautum
365 2309 506 2390 quaesivi,
532 2329 608 2390 qnae
631 2311 670 2372 sit
691 2329 779 2372 causa
804 2311 872 2385 mei,
897 2318 1044 2390 quatenus
1062 2329 1127 2371 sum
1141 2329 1189 2372 res
1205 2309 1349 2386 cogitans,

227 2420 279 2482 sed
297 2419 421 2481 maxime
437 2421 524 2482 etiam
543 2428 572 2481 et
588 2421 757 2500 praecipue,
783 2428 931 2499 quatenus
942 2420 1021 2481 inter
1032 2428 1146 2482 ceteras
1157 2419 1351 2498 cogitationes

228 2531 325 2591 ideam
348 2531 424 2590 entis
447 2548 564 2590 summe
593 2530 717 2610 perlecti
746 2529 777 2588 in
801 2548 848 2590 me
878 2529 1096 2602 animadverto,
1132 2547 1167 2590 ex
1192 2529 1250 2590 hoc
1271 2529 1352 2592 enim

229 2657 290 2697 uno
320 2645 379 2698 tota
409 2639 453 2697 vis
480 2637 744 2698 demonstrationis
772 2656 854 2697 meae
881 2638 1038 2716 dependet.
1091 2637 1190 2698 Primo
1219 2638 1297 2718 qnod
1320 2639 1352 2700 iu

231 2745 280 2806 illa
304 2745 369 2806 idea
400 2745 587 2806 contineatur
616 2745 707 2826 quid
738 2745 793 2807 sit
815 2746 929 2820 lleus,
965 2746 1069 2808 saltem
1099 2755 1243 2826 quantum
1266 2767 1282 2808 a
1305 2766 1353 2812 mc

229 2865 329 2936 potest
351 2855 474 2936 intelligi
498 2863 527 2918 et
546 2855 628 2936 juxta
652 2857 732 2936 leges
754 2857 977 2936 rereelogicae
1000 2858 1036 2918 de
1060 2857 1140 2918 nulla
1165 2876 1295 2937 unquam
1319 2877 1353 2920 re

229 2967 331 3046 quaeri
344 2966 434 3028 debet
455 2987 498 3028 an
522 2967 590 3042 sit,
616 2967 673 3028 nisi
686 2967 770 3048 prius
793 2968 884 3047 quid
908 2968 961 3029 sit
982 2967 1174 3048 intelligatur.
1200 2969 1349 3044 Secundo,

228 3078 319 3156 quia
349 3078 420 3138 illa
451 3078 538 3158 ipsa
570 3088 642 3154 est,
679 3097 775 3158 quae
804 3077 899 3138 mihi
930 3079 995 3140 dat
1017 3079 1269 3140 occasionem
1292 3079 1353 3139 in·

228 3187 471 3267 vestigandi,
518 3208 562 3249 an
597 3189 666 3249 sim
700 3207 716 3248 a
750 3207 805 3248 me
838 3189 897 3248 vel
928 3189 972 3250 ab
1001 3189 1081 3250 alio
1112 3198 1148 3250 et
1171 3189 1353 3252 delectus

230 3315 334 3356 meos
363 3297 622 3374 agnoscendi,
657 3304 687 3357 et
715 3306 866 3382 postremo
890 3298 938 3358 illa
963 3306 1025 3372 est,
1057 3317 1132 3377 qliae
1155 3299 1258 3372 docet,
1292 3317 1353 3360 non

232 3407 320 3466 morlo
342 3405 513 3486 aliquam
544 3425 632 3466 csse
655 3407 725 3466 mei
749 3426 921 3480 causam,
954 3409 1005 3469 sed
1028 3417 1178 3488 praeterea
1203 3410 1292 3470 etiam
1315 3409 1352 3472 in

232 3535 348 3576 eausa
372 3515 440 3576 illa
465 3516 666 3577 contineri
690 3535 823 3578 omnes
845 3519 1121 3598 perfectiones
1143 3539 1181 3580 ac
1202 3520 1354 3600 proinde

231 3624 340 3686 illam
364 3625 479 3686 lleum
510 3645 606 3686 esse.
653 3625 785 3706 Denique
815 3647 874 3688 non
905 3629 964 3690 dixi
994 3629 1179 3709 impossibile
1201 3649 1286 3704 esse,
1321 3640 1355 3692 ut

231 3735 342 3814 aliquid
378 3735 417 3796 sit
449 3755 565 3798 causa
599 3737 789 3798 elliciens
823 3739 884 3800 sui
918 3739 1059 3818 ipsius.
1105 3741 1163 3802 Sed
1194 3741 1280 3820 plane
1303 3741 1354 3802 ad-

231 3845 335 3920 mitto,
371 3845 482 3924 aliquid
514 3867 578 3908 esse
608 3867 713 3928 posse,
749 3849 778 3908 in
802 3868 861 3927 qno
884 3849 922 3910 sit
945 3857 1023 3910 tanta
1047 3858 1157 3912 ettam
1181 3850 1354 3915 inexhausta

230 3956 379 4036 potentia,
417 3965 450 4016 ut
478 3957 589 4018 nullius
614 3977 743 4038 unquam
768 3977 824 4037 ope
851 3959 963 4038 egerit,
997 3967 1029 4020 nt
1050 3960 1221 4036 exsisteret,
1257 3979 1354 4040 neque

230 4067 310 4128 enim
333 4085 413 4126 nnnc
435 4075 535 4146 egeat,
561 4075 594 4128 nt
615 4076 823 4144 consectetur,
847 4076 936 4148 atque
958 4069 1031 4129 adeo
1055 4069 1094 4130 sit
1115 4069 1243 4150 quodam
1267 4070 1354 4133 modo

232 4177 290 4237 sni
315 4197 447 4252 causa;
483 4177 680 4257 Deumque
704 4178 790 4238 talem
812 4197 880 4240 esse
903 4178 1048 4257 intelligo.
1094 4179 1168 4238 Nam
1191 4199 1279 4258 qrrem
1303 4180 1354 4244 ad-

231 4287 371 4361 modum,
407 4285 523 4348 etiamsi
546 4287 668 4348 fuissem
692 4287 729 4348 alr
753 4296 875 4350 aeterno
898 4308 932 4353 ac
955 4289 1081 4368 proinde
1104 4287 1179 4348 nihil
1202 4307 1249 4350 me
1272 4290 1354 4370 prius

232 4395 410 4471 exstitisset,
446 4397 660 4474 nilrilominuS,
697 4397 765 4478 quia
798 4398 932 4478 intelligo
967 4399 1108 4478 temporis
1141 4406 1240 4478 partes
1273 4419 1289 4460 a
1323 4417 1354 4460 so
