3260 5058
684 447 1006 514 *55*

282 629 443 706 sequentes
465 624 702 706 propositiones,
727 643 803 706 quae
824 625 1006 700 ostendunt,
1037 626 1069 687 iu
1091 631 1190 688 renum
1212 632 1320 688 natura
1343 646 1404 689 non

281 736 340 798 nisi
363 737 482 798 unicam
503 736 702 798 substantiam
719 737 862 798 exsistere
874 753 999 816 eamque
1015 737 1151 798 absolute
1167 738 1315 800 infinitam
1327 755 1401 814 esse,

281 853 465 926 quopropter
479 846 509 907 id
525 845 643 926 signum
664 847 774 908 frustra
794 853 999 926 quaereretur.
1028 847 1068 908 xi
1090 848 1193 908 Deus
1215 846 1297 908 sire
1319 848 1405 910 sub-

281 958 433 1018 stantio
455 963 649 1020 constans
671 957 858 1018 infinitis
880 957 1085 1032 attributis,
1110 975 1258 1036 quorum
1283 974 1404 1020 unum·

281 1067 463 1147 quodque
485 1074 686 1129 aeternam
709 1074 749 1129 et
769 1067 975 1129 infinitum
997 1069 1212 1132 essentiam
1234 1069 1405 1149 exprimit

281 1177 513 1238 necessario
543 1177 717 1240 exsistit.
763 1177 1000 1239 Demonstratio:
1036 1179 1059 1238 si
1090 1195 1197 1258 negas,
1232 1179 1356 1258 concipe
1377 1175 1403 1239 si

280 1285 344 1346 iteri
374 1293 489 1364 potest,
532 1286 626 1348 Deum
657 1305 717 1348 non
748 1287 901 1349 exsistere.
953 1287 1033 1367 Ergo
1064 1295 1133 1368 (per
1153 1287 1249 1349 axium
1271 1287 1306 1364 7)
1337 1288 1403 1369 ejus

281 1395 408 1458 essentia
438 1413 499 1456 uon
528 1395 650 1457 involvit
679 1397 893 1458 exsistentiam.
938 1397 1026 1478 Atqui
1057 1397 1114 1458 hoo
1144 1403 1212 1477 (per
1232 1397 1401 1478 proposi)

280 1515 327 1570 est
348 1507 529 1584 absurdum;
560 1525 631 1587 ergo
652 1507 732 1569 Deus
755 1508 922 1570 necessario
945 1509 1071 1571 exsistit.
1116 1509 1261 1570 Aliter:
1294 1508 1403 1588 Cujus-

280 1637 397 1698 ouuque
419 1617 462 1678 rei
485 1617 629 1698 assignari
653 1617 743 1679 debet
763 1635 850 1679 causa
874 1637 926 1679 seu
950 1619 1026 1680 ratio
1047 1625 1109 1680 tam
1121 1637 1175 1680 cur
1187 1619 1303 1680 exsistit
1313 1635 1401 1698 quum

280 1747 334 1790 cur
356 1729 416 1792 oon
439 1729 564 1790 exsistit.
599 1729 651 1792 Ex.
676 1747 720 1810 gr.
745 1729 770 1790 si
792 1730 960 1810 triangulus
982 1730 1109 1806 exsistit,
1135 1730 1211 1791 ratio
1234 1747 1287 1791 seu
1312 1747 1400 1790 causa

280 1839 343 1900 dari
366 1838 455 1900 debet
476 1857 529 1900 our
550 1839 683 1916 exsistit3
718 1839 743 1900 si
766 1846 949 1902 autemnon
972 1839 1104 1916 exsistit,
1135 1839 1211 1900 ratio
1235 1839 1323 1900 etiam
1347 1857 1401 1900 oen

231 1997 234 2002 ,
280 1967 368 2010 consa
391 1949 454 2009 dori
477 1948 583 2023 debet,
618 1967 694 2029 quae
717 1949 858 2029 impedit,
894 1950 1053 2030 quominus
1083 1950 1207 2011 exsistat
1235 1949 1295 2010 sire
1325 1967 1400 2028 quae

279 2058 344 2139 ejus
366 2057 568 2118 exsistentiam
591 2058 687 2119 tollat.
724 2059 803 2119 Haec
821 2077 890 2120 vero
908 2060 984 2121 ratio
1003 2077 1057 2120 seu
1076 2077 1164 2120 cerusa
1183 2059 1229 2120 rel
1244 2059 1275 2119 iu
1294 2065 1398 2119 natura
1474 2091 1477 2096 ,

276 2169 322 2229 rei
345 2168 491 2228 contineri
521 2168 611 2230 debet
637 2168 683 2229 vei
713 2175 794 2230 extra
824 2169 931 2249 ipsam.
984 2170 1038 2231 Ex.
1070 2187 1114 2249 gr.
1145 2170 1310 2244 rationem,
1343 2187 1400 2230 cur

277 2277 409 2339 circulus
431 2277 593 2356 quad-ratus
616 2295 675 2338 non
698 2278 822 2339 exsistat
842 2278 905 2358 ipsa
918 2279 982 2359 ejus
995 2285 1098 2340 natura
1111 2279 1231 2352 iudicat,
1256 2277 1399 2341 nimirum

278 2387 346 2467 quia
380 2387 646 2448 contradictionem
679 2387 810 2449 invoivit.
868 2389 930 2452 Cur
960 2395 1059 2450 autem
1093 2395 1196 2450 contra
1231 2388 1399 2450 substantio

223 2559 229 2570 ,
277 2497 402 2560 exsistat
423 2515 458 2558 ex
480 2497 542 2558 sola
572 2497 661 2558 etiam
684 2497 749 2578 ejus
778 2503 883 2559 natura
906 2499 1058 2578 sequitur,
1094 2498 1163 2578 quia
1186 2498 1301 2560 scilicet
1323 2498 1399 2560 exsi-

276 2607 417 2669 stentium
440 2607 561 2668 involvit
579 2611 647 2687 (per
657 2627 776 2688 propos
791 2607 837 2683 7).
871 2609 909 2668 ut
928 2608 1004 2670 ratio
1022 2627 1076 2670 cur
1094 2609 1224 2670 circulus
1242 2608 1287 2669 rel
1305 2607 1398 2694 trian7

276 2717 365 2798 guius
386 2717 520 2793 exsistit,
556 2737 591 2778 ex
613 2737 715 2779 eorum
739 2725 844 2779 natura
866 2737 926 2779 uon
953 2719 1105 2799 sequitur,
1140 2721 1192 2779 sed
1226 2737 1261 2780 cx
1294 2717 1397 2778 ordine

73 2890 75 2894 ,
277 2828 432 2888 universae
455 2835 578 2888 naturae
600 2845 777 2906 corporeae,
802 2847 837 2889 ex
859 2847 895 2890 eo
917 2829 997 2890 enim
1020 2829 1106 2908 sequi
1128 2829 1234 2906 debet,
1269 2829 1314 2890 rel
1332 2829 1394 2908 jam

275 2935 457 3015 triangulum
480 2937 648 2997 necessario
671 2937 822 3011 exsistere,
847 2938 891 2998 rel
914 2939 1099 3018 impossibile
1121 2957 1186 3000 csse
1209 2946 1243 3000 ut
1260 2939 1322 3019 jam
1344 2953 1393 2996 exn

277 3047 373 3108 sistat.
417 3047 512 3125 Atque
534 3046 607 3107 haec
628 3046 785 3108 manifesta
808 3063 861 3127 per
883 3067 914 3108 se
937 3054 1017 3110 snut.
1063 3048 1106 3110 Ex
1128 3049 1237 3128 quibus
1259 3047 1394 3128 seqnitur

275 3157 306 3218 id
328 3157 495 3218 necessario
518 3157 670 3232 exsistere,
695 3156 781 3238 cnjus
803 3157 884 3219 nulia
907 3158 983 3219 ratio
1007 3177 1063 3220 nec
1081 3177 1168 3220 causa
1192 3160 1295 3234 dator,
1320 3175 1394 3238 quan

275 3267 400 3346 impedit
432 3267 592 3347 quominus
625 3268 757 3330 exsistat.
804 3269 836 3330 Si
868 3269 961 3346 igitur
993 3269 1075 3330 nulia
1108 3269 1184 3330 ratio
1216 3287 1272 3329 nec
1306 3285 1393 3329 causa

275 3377 339 3438 dari
360 3378 465 3457 possit,
489 3397 565 3458 quae
587 3379 712 3458 impedit
734 3378 892 3456 quominus
905 3379 983 3440 Deus
1003 3379 1129 3440 exsistat
1149 3379 1210 3439 sive
1230 3395 1307 3458 quae
1329 3377 1394 3458 ejus

274 3487 476 3548 exsistentiam
499 3487 595 3561 tollat,
620 3487 742 3548 omniuo
755 3488 992 3549 concludendum
1006 3495 1062 3563 est,
1087 3489 1214 3549 eundem
1227 3487 1393 3548 necessario

274 3596 427 3656 exsistere.
472 3598 509 3657 At
537 3596 562 3656 si
590 3595 661 3656 talis
689 3597 770 3658 ratio
788 3616 842 3658 seu
871 3615 959 3658 causa
989 3599 1110 3658 daretur
1132 3597 1176 3658 rei
1198 3597 1229 3657 in
1252 3597 1316 3676 ipsa
1339 3596 1392 3658 Dei

273 3711 380 3765 natura
400 3705 447 3766 rei
469 3712 550 3766 extra
573 3705 668 3786 ipsam
691 3707 754 3767 dari
775 3707 914 3782 deberet,
946 3708 1003 3768 hoc
1026 3713 1073 3767 ast
1093 3707 1125 3770 in
1147 3708 1202 3768 alia
1226 3707 1392 3770 substantia

274 3813 397 3874 ulterius
419 3815 566 3876 attributi.
612 3815 685 3876 Nam
715 3816 740 3876 si
763 3814 898 3895 ejusdem
925 3823 1051 3878 naturae
1073 3824 1154 3878 esset
1173 3835 1210 3878 eo
1234 3817 1298 3898 ipso
1321 3835 1392 3878 con·

223 3987 225 3991 ,
274 3923 445 4000 cederetur,
480 3923 574 3984 Deum
604 3943 679 3986 esse.
725 3925 763 3986 At
790 3925 957 3987 substantia
987 3945 1063 4006 qnae
1084 3926 1209 3988 citerius
1238 3934 1319 3988 esset
1340 3943 1392 3986 na-

271 4040 358 4095 turae
376 4031 452 4095 nihii
474 4049 542 4095 cum
565 4035 626 4099 Deo
655 4053 813 4098 commuue
834 4035 944 4098 habero
974 4042 1042 4118 (par
1062 4055 1182 4118 propos.
1200 4037 1235 4112 2)
1258 4035 1391 4114 ideoque

273 4158 371 4222 neque
404 4143 468 4224 ejus
497 4144 701 4206 exsistentiam
732 4163 843 4226 ponere
871 4163 968 4226 neque
997 4147 1102 4208 tollere
1132 4153 1244 4226 posset.
1290 4147 1390 4217 Quum

273 4251 365 4332 igitur
387 4253 461 4314 ratio
484 4271 536 4315 seu
559 4271 664 4332 causa,
699 4273 775 4334 quoe
804 4256 932 4317 divinam
961 4256 1164 4316 exsistentiam
1194 4255 1280 4316 toiiat
1309 4263 1390 4317 extra

273 4362 401 4424 crunam
423 4370 559 4426 uotorum
581 4364 645 4426 dori
668 4381 728 4426 non
751 4365 856 4446 possit,
880 4365 1001 4456 deirebit
1022 4365 1190 4427 necessario
1212 4365 1275 4427 dari
1299 4365 1390 4447 siqui-
