3260 5058
532 405 702 486 ’--
754 402 807 504 11
859 473 953 523 ψ,

214 617 354 680 attributa
385 625 415 678 et
442 615 599 678 modorum
630 615 841 696 possibilitates
870 615 1020 696 proximae
1049 611 1245 678 immutabilia
1276 613 1336 678 sint

217 735 249 804 (9
262 723 324 790 313
343 726 471 801 (lutet),
496 734 529 788 ot
546 725 620 787 adeo
640 745 693 788 ens
712 725 778 787 sine
804 724 1049 788 determinatione
1066 724 1165 806 aliqua
1184 723 1336 786 essentiali

216 837 262 898 vel
284 835 412 918 quodam
434 835 575 897 attributo
598 835 738 898 exsistere
760 841 897 914 nequeat,
922 834 995 896 nibil
1018 833 1153 896 daturin
1173 840 1272 894 entes
1291 851 1334 906 se,

218 947 297 1028 quod
322 946 464 1008 rationem
494 944 541 1008 sui
563 944 670 1006 habeat
698 945 728 1006 iu
752 954 820 1006 eote
849 943 917 1007 alio.
963 943 1026 1006 Eos
1048 943 1138 1022 igitur
1159 962 1175 1004 a
1198 961 1231 1004 se
1253 942 1337 1006 inde·

217 1055 351 1136 pendens
373 1063 427 1116 est.
472 1055 550 1115 Ens
579 1073 595 1114 a
625 1073 664 1116 se
694 1053 888 1114 rationem
919 1051 1185 1116 exsistentiae
1214 1052 1252 1114 in
1275 1071 1336 1114 es·

218 1167 342 1227 sentia
376 1183 442 1228 sua
476 1163 600 1226 habet.
646 1164 764 1226 Etenim
800 1182 854 1226 ens
882 1182 954 1226 ase
984 1163 1189 1244 independens
1222 1169 1268 1226 est
1299 1162 1336 1226 ab

217 1275 298 1336 omni
321 1284 388 1338 ente
409 1275 467 1336 alio
491 1278 524 1350 (9
547 1269 622 1348 30),
653 1281 871 1354 cousequenter
893 1281 923 1334 et
945 1273 1132 1336 exsistentiae
1155 1291 1225 1334 suae
1248 1273 1337 1336 ratio-

215 1404 283 1446 nem
306 1385 337 1446 in
368 1386 425 1446 alio
454 1403 514 1446 non
545 1383 634 1446 babet
663 1388 696 1459 (9
718 1381 779 1446 851
805 1383 931 1458 Ontol.).
977 1383 1073 1446 Habet
1101 1383 1191 1464 igitm·
1212 1383 1337 1448 eandem

215 1495 245 1556 in
269 1514 300 1556 se
324 1493 411 1570 (970
434 1495 561 1570 Ontol.).
607 1493 806 1565 Quamobrem
830 1512 923 1572 quum
946 1493 977 1554 in
1000 1493 1127 1556 essentia
1150 1493 1337 1556 oootinoatur

215 1605 289 1666 ratio
302 1605 463 1679 sufficiens,
482 1623 536 1665 our
548 1603 619 1682 quid
632 1603 727 1664 eidem
741 1603 785 1664 vel
797 1610 864 1664 actu
876 1602 946 1664 insit
965 1602 1011 1664 vel
1023 1603 1122 1664 inesse
1133 1602 1268 1684 possit&
1276 1601 1336 1666 155

216 1714 332 1789 Ontol.)
341 1714 414 1774 ratio
427 1712 615 1776 exsistentiae
627 1712 704 1774 entis
716 1731 731 1773 a
745 1712 818 1774 sein
832 1712 959 1774 essentia
972 1711 1067 1792 ipsius
1078 1711 1223 1774 eontiueri
1235 1711 1334 1774 debet.

218 1823 363 1894 Quoniam
386 1835 439 1884 ens
461 1823 628 1884 neeessario
651 1822 767 1884 exsistit
795 1831 825 1883 et
846 1822 911 1902 eJ'us
933 1821 1102 1884 exsistentia
1129 1821 1263 1884 absoluto
1285 1841 1337 1884 ne·

219 1931 344 1994 cessaria
368 1940 422 2007 ost,
447 1932 472 1992 si
494 1932 583 2012 hujus
605 1932 679 1994 ratio
701 1932 853 1994 rollioiens
869 1932 899 1992 in
918 1931 1045 1994 essentia
1062 1931 1156 2012 ipsius
1168 1931 1337 1994 continetur

219 2047 253 2118 (9
277 2039 339 2104 308
361 2041 475 2116 0111111.)
505 2061 576 2102 ens
608 2061 624 2102 a
655 2061 694 2104 se
727 2041 958 2104 necessario
989 2041 1154 2102 exsistit
1186 2049 1220 2104 et
1249 2042 1336 2121 ojus

217 2152 456 2214 exsistentia
491 2151 670 2214 absolute
703 2151 933 2214 necessaria
967 2159 1035 2212 est.
1090 2151 1167 2212 Eos
1199 2169 1337 2212 neces·

216 2262 361 2324 sarium
385 2273 445 2324 est
467 2279 534 2322 ens
556 2281 571 2322 a
595 2281 643 2323 se,
683 2261 745 2322 Ens
767 2261 846 2322 enim
869 2261 1070 2322 necessarium
1093 2279 1153 2322 non
1175 2261 1289 2341 indiget
1310 2262 1336 2324 11

216 2373 293 2434 entis
315 2371 437 2434 alterius
459 2372 495 2432 ad
518 2371 720 2432 exsistentium
745 2377 779 2446 (9
795 2369 863 2446 25).
909 2371 968 2432 Sed
991 2371 1070 2450 quod
1093 2390 1153 2432 non
1176 2371 1288 2452 indiget
1310 2372 1336 2432 11

217 2483 357 2556 alterius,
393 2490 426 2542 ut
448 2481 570 2542 exsistat
592 2488 638 2542 est
660 2500 714 2542 ens
736 2500 752 2541 a
775 2501 806 2542 se
829 2487 863 2556 (9
885 2479 952 2556 27).
997 2481 1076 2560 Ergo
1099 2500 1152 2544 ens
1175 2500 1263 2544 omne
1285 2501 1337 2544 ue·

219 2591 381 2650 cessarium
404 2597 562 2650 ostensa
586 2608 628 2650 se.
663 2589 745 2648 Idem
768 2589 855 2650 etiam
879 2589 922 2652 sio
944 2590 1128 2652 ostenditur:
1158 2590 1336 2654 Exsistentia

221 2699 297 2760 entis
319 2718 335 2758 a
358 2717 389 2758 se
412 2705 458 2758 est
478 2697 612 2760 absolute
634 2698 797 2758 necessaria
822 2695 923 2776 (9311)
939 2707 968 2762 et
986 2700 1130 2762 rationem
1149 2700 1337 2766 exsistentiae

220 2827 292 2868 suae
314 2809 343 2870 in
375 2807 503 2868 essentia
534 2825 587 2868 sua
616 2807 705 2868 babet
738 2811 771 2882 (9
804 2803 871 2884 31).
924 2809 1122 2882 Quamobrem
1156 2827 1250 2890 quum
1284 2829 1337 2872 ens

219 2917 418 2980 necessarium
448 2917 502 2990 sit,
537 2915 623 2995 oujos
646 2916 813 2978 exsistentia
836 2917 972 2980 absolute
995 2920 1160 2982 necessaria
1183 2939 1235 2982 seu
1258 2921 1336 3000 quod

216 3027 360 3088 rationem
394 3026 587 3087 sufficientem
621 3027 808 3090 exsistentiae
842 3047 913 3091 suae
945 3028 977 3090 iu
1010 3029 1136 3093 essentia
1167 3048 1220 3092 soa
1249 3029 1337 3092 babet

217 3133 326 3211 (9300
349 3136 463 3211 011111.)
487 3154 540 3198 ens
562 3138 762 3199 necessarium
786 3146 831 3199 est
852 3157 907 3199 ens
936 3157 1017 3200 ase.
1062 3139 1137 3200 Ens
1166 3157 1182 3199 a
1213 3157 1251 3200 se
1274 3159 1336 3202 ex·

216 3247 330 3307 sistit
358 3245 445 3306 ideo
475 3245 565 3326 quia
594 3246 795 3326 possibile
824 3255 892 3308 est.
938 3247 1057 3312 Etenim
1079 3267 1133 3310 ens
1155 3265 1172 3310 a
1194 3267 1226 3314 se
1249 3248 1337 3310 babet

216 3355 361 3416 rationem
391 3355 585 3416 sufficientem
617 3356 805 3418 exsistentiae
834 3357 865 3416 in
888 3357 1016 3418 essentia
1043 3375 1095 3420 sua
1120 3361 1152 3433 (9
1173 3353 1240 3432 31),
1265 3375 1335 3418 eon·

216 3473 374 3546 sequenter
402 3483 456 3544 per
484 3465 641 3525 essentiam
671 3464 766 3544 ipsios
795 3465 987 3544 intelligitur,
1023 3485 1077 3528 cur
1099 3466 1218 3528 exsistat
1241 3471 1273 3542 (9
1293 3464 1335 3530 56

216 3573 332 3649 Ontol.)
363 3582 450 3656 atque
479 3574 552 3634 adeo
581 3574 649 3634 ideo
679 3575 809 3650 exsistit,
844 3575 912 3654 quia
943 3575 1030 3638 babet
1059 3575 1136 3637 hano
1162 3576 1332 3638 essentiam.

215 3685 374 3746 Enimvero
404 3703 457 3764 per
486 3684 643 3744 essentiam
674 3703 728 3746 ens
749 3683 893 3764 possibile
915 3693 961 3745 est
983 3691 1016 3760 (9
1041 3683 1101 3748 153
1124 3687 1259 3764 011111),
1294 3687 1332 3748 ita

216 3801 248 3856 ut
270 3793 395 3856 essentia
426 3792 606 3872 possibilitas
635 3792 701 3872 ejus
729 3793 887 3854 intrinseca
918 3793 1087 3856 absolvatur
1116 3800 1331 3874 (mutescit).

214 3905 277 3966 Ens
299 3903 390 3984 igitur
418 3923 434 3964 a
464 3922 496 3964 se
525 3903 640 3965 exsistit
668 3904 736 3983 quia
766 3904 917 3984 possibile.
966 3883 1043 3968 Ens
1072 3925 1087 3966 a
1117 3925 1157 3966 se
1185 3907 1333 3970 nullum

215 4013 438 4077 exsistendi
468 4013 627 4074 initium
656 4013 783 4076 babet.
830 4013 946 4077 Etenim
974 4033 1028 4080 ens
1058 4033 1074 4076 a
1104 4033 1136 4074 se
1166 4016 1332 4076 necessario

215 4123 328 4186 exsistit
350 4131 380 4183 et
401 4122 466 4202 ejus
479 4122 646 4184 exsistentia
670 4123 805 4186 absoluto
827 4124 992 4186 neeessaria
1016 4130 1061 4185 est
1084 4129 1115 4200 (9
1131 4119 1197 4200 32).
1223 4123 1333 4212 Quam·

214 4232 316 4294 obrem
347 4231 521 4312 simpliciter
548 4232 730 4314 impossibile
759 4243 792 4296 ut
822 4251 881 4294 non
912 4232 1032 4294 exsistat
1062 4231 1328 4310 (1279011111).

215 4341 364 4424 Ponamus
386 4343 476 4422 igitur
497 4361 563 4408 esse
584 4343 704 4424 aliquod
726 4342 887 4406 exsistendi
908 4343 1044 4419 initium3
1068 4361 1190 4406 neeesse
1208 4343 1274 4418 erit,
1298 4352 1330 4406 ut

1128 4443 1145 4494 ll
