3236 5076
203 612 206 616 ’
246 611 410 673 finitum
433 611 505 694 qua
528 609 733 674 infinitum
756 619 815 672 est
837 609 1037 692 ignotum?
1069 611 1193 674 sienim
1210 631 1371 694 egoquum

247 721 285 784 de
307 720 476 800 ehilingono
499 721 595 802 cogito
618 723 741 800 figurant
764 721 895 802 aliquam
918 723 1040 784 confuse
1056 722 1130 784 mihi
1146 729 1372 802 repraesentans

247 850 308 892 non
331 830 535 910 eliiliogonum
558 831 656 911 ipsum
684 831 823 892 distincte
853 830 1001 912 imaginor
1028 840 1080 894 ant
1101 849 1267 912 cognosco,
1303 831 1371 912 qiria

248 940 329 1002 mille
352 941 416 1022 ejus
438 941 527 1002 latera
552 959 611 1002 non
635 940 774 1002 distinete
796 940 932 1002 intueor:
963 959 1034 1002 sane
1057 940 1174 1022 rogabit
1195 941 1263 1017 ille,
1298 960 1372 1020 quo-

248 1051 337 1112 modo
366 1050 517 1112 inlinitum
549 1057 580 1111 ut
609 1049 759 1112 infinitum
790 1049 929 1112 distincte
960 1057 989 1112 et
1019 1069 1079 1112 noa
1110 1051 1233 1112 confuse
1255 1057 1370 1112 uatum

248 1162 373 1242 cogitet,
408 1160 434 1222 si
467 1160 598 1222 infinitas
628 1158 693 1240 ejus
724 1160 921 1239 perfectiones
950 1159 1059 1240 quibus
1089 1169 1207 1222 constat
1236 1159 1315 1222 clare
1342 1169 1372 1221 et

247 1271 386 1334 velutad
408 1271 528 1332 oculum
553 1270 651 1332 videre
664 1289 722 1332 non
735 1268 853 1350 possiti
876 1270 977 1350 ltaque
992 1269 1210 1350 permittamus,
1235 1269 1371 1350 aliquis

245 1381 388 1444 claram
420 1379 881 1460 distinctamqnaideatn
913 1379 1055 1442 haheat
1096 1380 1204 1442 entis
1234 1381 1370 1443 summi

244 1502 282 1554 et
302 1489 611 1572 perfectissimi:
635 1489 705 1570 qnid
729 1489 799 1550 inde
821 1507 976 1569 promoves
1000 1488 1147 1552 ulterius?
1169 1509 1276 1572 nempe
1288 1490 1368 1552 istud

244 1600 395 1664 inlinitum
427 1620 482 1662 ens
520 1599 716 1660 exsistere
746 1599 835 1677 idque
872 1598 910 1658 ita
941 1606 1022 1658 certo
1052 1608 1105 1674 „ut
1135 1600 1166 1659 in
1197 1600 1300 1661 eodem
1331 1601 1369 1662 ad

245 1711 424 1788 „minimum
448 1707 635 1770 certitudinis
657 1708 752 1786 gradu
764 1707 817 1767 Dei
840 1706 1009 1768 exsistentia
1023 1707 1101 1786 apud
1115 1725 1162 1768 me
1174 1726 1239 1770 esse
1251 1707 1367 1785 debeat,

246 1820 298 1896 „in
321 1837 381 1899 qno
404 1820 526 1880 fuerunt
547 1818 691 1878 hactenns
714 1814 938 1878 mathematicae
969 1816 1123 1891 ueritates,
1158 1817 1232 1878 adeo
1255 1825 1369 1880 utnon

247 1929 363 2008 „magis
385 1934 530 2008 repugnet
560 1926 688 2006 cogitare
712 1925 805 1986 Denin
830 1925 901 2002 (hoc
923 1932 969 1986 est
991 1944 1045 1986 ens
1061 1945 1177 1986 summe
1190 1927 1367 2006 perfeetum)

246 2039 314 2114 „cui
327 2037 404 2100 desit
415 2037 583 2099 exsistentia
596 2037 667 2113 (hoe
685 2045 730 2098 est
745 2036 842 2116 aliqua
861 2035 1016 2116 perfectio)
1034 2055 1124 2116 qnam
1142 2037 1271 2118 cogitare
1284 2058 1369 2100 mon-

244 2157 325 2226 „tem
352 2150 399 2212 cui
420 2149 497 2221 desit
523 2149 639 2210 vallis.“
683 2149 727 2210 lbi
751 2149 840 2210 totius
860 2148 902 2209 rei
922 2148 1011 2210 cardo
1034 2156 1096 2226 est;
1120 2149 1171 2230 qui
1190 2169 1271 2211 nune
1291 2151 1370 2214 cedit

243 2259 352 2322 vietum
376 2278 408 2320 se
431 2261 556 2322 fateatur
578 2267 712 2340 oportet;
758 2259 832 2320 mihi
855 2258 924 2340 qnia
955 2277 1024 2320 enm
1049 2259 1164 2320 fortiori
1187 2278 1261 2342 ago,
1296 2259 1369 2322 libet

242 2370 377 2450 paullum
397 2370 521 2445 velitari,
547 2379 693 2450 utquam
716 2369 880 2431 vincendus
903 2369 960 2430 sim
983 2388 1044 2430 non
1067 2370 1141 2430 nihil
1163 2378 1262 2431 umen
1285 2369 1369 2432 diffe-

244 2498 307 2540 ram
330 2480 408 2559 quod
432 2479 523 2540 vitare
546 2499 604 2542 non
627 2499 761 2560 possum.
806 2480 846 2538 hc
869 2478 899 2538 in
922 2478 1046 2558 primis,
1077 2479 1131 2539 etsi
1156 2480 1244 2540 modo
1267 2491 1369 2541 ancto-

245 2588 331 2648 ritate
354 2607 414 2648 non
443 2588 558 2666 agimus
588 2588 638 2647 sed
670 2587 784 2648 ratione
814 2594 946 2658 tantum,
982 2593 1081 2646 tamen
1111 2605 1148 2648 ne
1179 2607 1214 2648 ex
1245 2583 1368 2650 libidine

245 2695 373 2756 maximo
404 2695 522 2774 ingenio
552 2695 653 2756 videor
682 2694 819 2755 reluctari
850 2693 949 2774 ipsum
977 2694 1076 2773 potius
1120 2695 1151 2756 S.
1185 2695 1368 2758 Thomam

244 2805 360 2880 audite;
384 2805 487 2886 objicit
507 2803 584 2866 sihi:
629 2803 801 2880 „intellecto
823 2803 894 2882 quid
918 2803 1066 2882 significet
1087 2803 1144 2864 hoc
1167 2823 1276 2866 nomen
1290 2806 1369 2868 heus

242 2914 363 2990 „statim
386 2914 513 2976 hahetur
534 2913 614 2994 qnod
645 2913 724 2975 llens
755 2922 817 2989 est;
851 2913 1036 2993 significatur
1064 2913 1144 2974 enirn
1167 2913 1224 2976 hoe
1246 2917 1367 2978 nonrinc

241 3025 292 3102 „id
316 3044 375 3105 qno
397 3024 495 3104 majus
517 3024 676 3104 significari
699 3043 758 3084 non
782 3032 897 3104 potest;
921 3022 1019 3103 majus
1030 3030 1129 3084 autem
1149 3025 1285 3104 estquod
1308 3035 1364 3100 est,

242 3134 294 3212 „in
317 3153 349 3195 re
372 3143 401 3196 et
423 3135 454 3196 in
477 3134 649 3209 intellectu,
696 3153 784 3214 qnam
815 3134 894 3214 quod
925 3140 971 3194 est
999 3133 1029 3193 in
1053 3133 1205 3195 intellectu
1231 3144 1364 3211 tantum;

242 3244 343 3320 „unde
365 3264 458 3326 quum
480 3245 629 3306 intellecto
652 3245 709 3306 hoo
731 3245 852 3306 nomine
874 3243 953 3304 Deus
976 3243 1074 3306 statirn
1098 3245 1137 3304 sit
1158 3245 1190 3306 in
1212 3245 1364 3307 intellectu
1433 3253 1434 3256 ’

243 3353 399 3431 „seqnitur
421 3354 508 3416 etiam
532 3353 612 3432 quod
635 3353 674 3415 sit
695 3354 725 3414 in
749 3357 815 3415 re.“
858 3354 944 3414 Nunc
965 3353 1071 3414 amabo
1093 3372 1162 3428 vos,
1199 3373 1270 3414 num
1293 3353 1365 3434 qnid

243 3459 341 3541 ipsum
364 3463 421 3524 hoc
442 3470 488 3524 ast
508 3469 716 3542 argumentum
739 3462 773 3524 l).
799 3462 992 3524 Cartesiil
1026 3464 1057 3524 S.
1082 3463 1246 3524 Thomas
1270 3463 1363 3527 Deum

242 3572 281 3634 ita
312 3573 415 3636 delinit
444 3591 524 3653 „quo
554 3572 650 3653 majus
672 3573 830 3652 significari
861 3591 921 3634 non
943 3579 1062 3654 potest“
1096 3572 1130 3635 D.
1156 3573 1363 3637 Cartesius

241 3691 325 3746 vocat
346 3701 415 3744 eum
438 3701 511 3758 „ens
534 3701 651 3744 summe
673 3685 859 3764 perfectnm“
882 3684 934 3744 illo
956 3703 1028 3744 sane
1047 3682 1145 3764 majus
1164 3685 1286 3765 eogitari
1302 3705 1361 3748 non

241 3800 349 3873 potest.
395 3793 436 3854 S.·
451 3793 612 3854 Thomas
636 3793 803 3854 subsumit:
838 3794 888 3870 ,id
916 3812 976 3873 quo
999 3812 1097 3874 magns
1119 3794 1279 3874 significari
1301 3815 1361 3857 non

241 3909 360 3984 „potest
380 3901 505 3964 includit
534 3902 754 3979 exsistentiam,
790 3902 900 3984 alioqui
932 3902 1031 3983 majus
1060 3903 1172 3983 aliquid
1202 3903 1359 3986 significari

241 4020 367 4094 „potest
392 4030 499 4091 nempe
527 4011 557 4073 id
579 4013 881 4092 quodexsistentianr
912 4013 1095 4094 significatur
1116 4013 1279 4076 includere.
1325 4019 1361 4079 At

240 4123 385 4203 numquid
409 4122 443 4185 [l.
469 4123 676 4185 Cartesius
706 4123 784 4184 idem
815 4123 993 4186 subsumere
1021 4121 1159 4184 videtur?
1193 4123 1294 4201 „Deus
1316 4136 1361 4189 est

239 4223 314 4308 „en's
335 4251 451 4294 summe
472 4233 652 4312 perfeetum3
675 4233 756 4312 atqui
775 4251 829 4294 ens
848 4251 964 4294 summe
981 4233 1145 4313 perfeetum
1157 4233 1358 4300 exsistentiam

240 4341 396 4418 „includit
409 4342 542 4422 alioquin
554 4360 671 4404 summe
681 4342 845 4422 perfectum
857 4361 916 4402 non
931 4346 1042 4404 esset.“
1054 4343 1185 4405 lnfertS.
1196 4344 1355 4408 Thomas:
1436 4377 1438 4382 ·
