3260 5058
619 459 941 528 μ..ΜΨ

218 661 323 723 expers
345 661 400 705 nec
421 642 513 704 ullam
536 642 722 723 negationem
752 649 970 722 consequenter
998 657 1054 703 nec
1076 639 1340 704 contradictionem

101 801 104 806 .
218 753 348 826 involvit,
373 754 430 815 hoc
459 753 580 819 unicum
603 753 713 816 suflicit
742 753 779 816 ad
808 753 1025 833 agnoscendam
1055 751 1257 813 exsistentiam
1285 749 1339 814 Dei

218 883 234 924 a
266 863 369 943 priori.
415 863 573 925 Enimvero
595 863 719 924 eandem
739 862 802 942 jam
825 862 1015 942 probavimus
1037 881 1052 922 a
1075 861 1246 941 posteriori,
1270 861 1340 941 qrria

219 973 332 1042 scilicet
353 991 401 1034 res
423 973 628 1052 contingentes
650 972 813 1048 exsistunt,
849 991 925 1051 quac
947 971 1092 1033 rationem
1123 971 1256 1032 ultimam
1279 971 1340 1034 sire

220 1083 415 1146 sullicientem
438 1083 547 1144 hahere
569 1091 731 1162 nequeunt,
757 1083 814 1144 nisi
838 1083 869 1144 in
892 1089 961 1144 ente
984 1081 1168 1155 necessario,
1192 1082 1272 1161 quod
1296 1099 1342 1142 ra·

220 1193 331 1254 tionem
363 1192 551 1254 exsistentiae
581 1209 652 1254 suae
682 1192 712 1252 in
744 1209 776 1254 se
806 1191 871 1272 ipso
901 1190 1001 1252 hahet.
1047 1193 1191 1271 Apparet,
1226 1190 1341 1252 Leib-

220 1302 364 1366 nitium
394 1301 440 1362 his
471 1301 569 1362 verbis
596 1301 764 1381 argumenti
794 1299 1052 1380 cosmologici
1082 1301 1206 1362 formam
1237 1299 1341 1363 adum·

219 1412 314 1487 baare,
339 1431 427 1491 qrram
450 1413 738 1474 demonstrationem
760 1411 826 1473 aliis
848 1411 923 1474 locis
941 1409 967 1486 ¹)
991 1409 1118 1491 amplius
1140 1411 1274 1490 explicat.

301 1523 330 1584 ls
352 1531 450 1582 autem
474 1521 528 1597 vir,
553 1521 604 1600 qui
616 1521 756 1582 Leibnitii
778 1521 995 1600 philosophiam
1019 1539 1078 1582 non
1101 1521 1190 1581 modo
1210 1527 1341 1582 sectatus

217 1639 247 1693 et
268 1631 466 1710 amplificatus
488 1637 551 1703 est,
587 1630 638 1690 sed
661 1647 769 1708 magno
799 1631 887 1692 etiam
909 1625 1030 1707 ingenio
1059 1627 1186 1690 excoluit
1214 1638 1244 1690 et
1265 1630 1342 1692 sicut

218 1739 437 1818 antiquissimis
470 1738 655 1816 temporibus
688 1737 770 1798 Plato
803 1745 833 1798 et
864 1735 1037 1798 Aristoteles
1075 1737 1110 1797 ad
1144 1755 1248 1798 omnes
1281 1739 1342 1798 lere

220 1849 427 1929 philosophiae
456 1857 486 1908 ct
508 1847 672 1927 theologiae
702 1847 873 1928 disciplinas
895 1847 1035 1908 methodo
1061 1847 1200 1908 adstricto
1223 1847 1344 1908 scienti·

166 1965 169 1978 ·
222 1960 276 2020 lice
307 1965 337 2020 et
358 1957 587 2018 demonstrativa
617 1958 752 2034 adhibuit
780 1967 844 2020 erat
872 1957 1128 2019 Christianus
1159 1957 1339 2020 Woliius.

220 2069 313 2130 Natus
337 2067 537 2130 Wratislaviae
559 2085 637 2130 anno
662 2065 746 2132 1679
767 2067 884 2130 coriarii
905 2067 987 2130 lilius
1009 2067 1117 2130 studiis
1140 2068 1237 2147 primo
1259 2068 1343 2128 theo-

220 2179 324 2258 logiae,
349 2177 456 2238 deinde
478 2179 702 2242 mathematicae
730 2186 761 2242 et
783 2179 921 2258 physicae
949 2177 1086 2240 incubuit
1108 2186 1137 2240 et
1158 2195 1236 2240 anno
1260 2176 1343 2240 17117

219 2289 324 2350 harum
346 2287 537 2352 scientiarum
567 2305 622 2350 nec
651 2307 712 2350 non
742 2288 948 2369 philosophiae
982 2289 1135 2370 professor
1163 2289 1193 2350 in
1224 2289 1343 2350 nniver-

219 2398 305 2460 sitate
334 2397 498 2460 litterarum
528 2397 647 2460 llalensi
677 2399 849 2460 nominatus
878 2407 932 2462 est.
985 2399 1091 2462 Postea
1128 2399 1231 2460 multis
1260 2417 1342 2460 acer·

219 2507 410 2585 hissimisque
439 2515 542 2570 contra
571 2507 725 2586 theologos
756 2509 899 2570 Halenses
932 2509 1144 2570 certaminibus
1173 2509 1342 2589 implicatus

222 2615 298 2676 etah
310 2615 486 2676 adversariis
504 2615 682 2694 quibusdam
702 2617 780 2695 apud
801 2635 901 2696 regem
914 2617 1114 2679 Friedericum
1127 2616 1343 2680 Guilielmuml

222 2730 372 2802 tamquam
394 2724 547 2804 religionis
569 2725 746 2786 christianae
775 2725 913 2788 inimicus
943 2737 1098 2788 accusatus
1120 2745 1198 2788 anno
1222 2725 1304 2792 1723
1326 2745 1343 2790 a

191 2879 194 2883 -
221 2851 290 2912 rege
312 2831 378 2896 loco
400 2851 455 2895 suo
477 2842 610 2896 remotus
640 2843 669 2896 et
698 2835 849 2898 exsulatus
877 2845 932 2898 est.
978 2835 1097 2899 Iliutius
1124 2847 1187 2899 tum
1209 2837 1343 2900 blarbur-

219 2944 284 3024 gine
306 2943 434 3024 principi
459 2943 580 3006 llessiae
601 2963 618 3004 a
641 2944 775 3008 consiliis
804 2945 909 3008 aulicis
939 2953 970 3008 et
990 2945 1196 3027 philosophiae
1220 2948 1251 3010 in
1275 2949 1342 3010 rini-

218 3053 356 3118 versitate
378 3053 541 3117 litterarum
564 3055 716 3134 professor
741 3055 827 3130 vixit,
863 3073 922 3135 qim
952 3057 1039 3120 etiam
1069 3064 1202 3137 tempore
1225 3058 1342 3138 imperii

220 3163 536 3226 Romano-Germanici
566 3164 642 3226 liber
670 3164 742 3226 baro
771 3166 867 3228 lactus
896 3174 952 3228 est.
997 3167 1073 3230 Tum
1096 3175 1239 3246 regnante
1262 3167 1343 3230 Frie-

221 3271 321 3332 11001οο
343 3272 369 3332 ll
391 3272 496 3351 Magno
525 3291 604 3334 anno
628 3272 712 3336 17411
741 3274 830 3336 llalas
860 3275 1010 3340 Saxonum
1040 3275 1245 3356 philosophiae
1274 3297 1343 3358 pro-

222 3380 318 3440 fessor
339 3379 427 3440 rediit
455 3380 557 3458 ibique
578 3399 657 3442 anno
680 3379 764 3444 1754
792 3384 870 3446 diem
893 3404 1066 3465 supremum
1090 3386 1191 3448 obiit.¹
1222 3387 1274 3450 llic
1295 3387 1341 3450 vir

222 3489 444 3550 mathematicae
484 3489 657 3570 disciplinae
690 3492 829 3554 methodo
861 3495 1090 3559 demonstrativa
1127 3497 1163 3558 ad
1197 3497 1341 3560 firmanda

221 3617 341 3679 quoque
363 3607 391 3660 et
413 3599 586 3662 illustranda
611 3601 775 3681 theologiae
796 3611 884 3684 atque
906 3605 1112 3686 philosophiae
1139 3607 1275 3686 dogmata
1298 3607 1341 3670 uti

221 3709 409 3787 sagacissime
431 3710 547 3772 studuit
568 3719 597 3774 et
618 3711 765 3792 imprimis
788 3715 906 3792 quidem
930 3716 984 3778 hoc
999 3717 1176 3778 rationebei
1200 3718 1342 3778 exsisten-

221 3819 290 3882 tiam
314 3819 517 3882 demonstrare
539 3830 663 3884 conatus
685 3833 741 3886 est.
787 3825 889 3906 ltaque
912 3835 1119 3906 argumentum
1142 3845 1261 3906 quoqne
1284 3845 1341 3888 on·

219 3930 434 4010 tologioum
457 3931 842 4014 inlihroquiinscribitur:
866 3937 1082 4017 Theologia
1106 3930 1340 4012 naturalis')

287 4132 315 4196 1)
335 4132 367 4180 cl.
388 4132 567 4184 Leibnitii:
589 4135 664 4184 Essai
682 4137 713 4186 dc
728 4135 870 4190 Theodicde
888 4145 938 4193 etc.
960 4137 970 4188 l
987 4138 1011 4191 1.
1034 4145 1060 4190 01
1074 4138 1158 4204 Opera
1175 4136 1341 4200 theological

218 4229 243 4280 p.
264 4215 331 4265 t-ta
348 4214 384 4264 in:
407 4216 490 4282 Opera
508 4219 590 4267 oirrnia
608 4219 648 4270 ed.
669 4219 764 4269 Dutens
782 4227 832 4269 tour
851 4220 869 4270 l.

287 4298 316 4362 2)
335 4299 366 4347 cl.
387 4299 523 4351 Wolrii:
552 4301 690 4366 Theologio
708 4303 830 4354 naturalis
848 4305 964 4355 methodo
988 4305 1127 4356 scientifica
1144 4313 1300 4374 pertrectata
1319 4305 1340 4356 ll

219 4381 310 4432 Partes
328 4381 487 4436 700000100ιί
506 4391 531 4436 01
549 4385 650 4452 Lipsiae
669 4387 812 4440 mac-m.
850 4387 914 4438 Pars
932 4387 943 4440 l
960 4391 993 4454 ss
1011 4389 1121 4442 24—72.
