3260 5058
654 441 977 510 -71—

250 625 438 688 exsistentiae
461 641 532 684 suae
556 627 589 700 (9
612 618 680 698 31).
725 621 867 697 blundus,
891 621 1036 683 elementa
1055 628 1085 682 et
1095 621 1212 684 animae
1227 601 1374 686 humanae

250 754 341 814 quum
364 752 424 793 non
454 733 515 793 sint
544 732 623 792 entia
652 750 669 792 a
692 750 724 792 se
747 734 780 806 (9
804 729 855 806 50,
879 729 931 806 52,
956 729 1030 807 59),
1066 749 1122 792 nec
1151 729 1295 792 rationem
1326 750 1375 792 ex-

251 843 402 904 sistentiae
424 861 495 904 suae
518 841 548 902 in
572 840 700 902 essentia
724 859 778 902 sua
800 840 964 902 continent.
1022 839 1223 912 Quamobrem
1246 839 1372 902 essentia

253 953 330 1013 entis
351 971 367 1013 a
390 971 423 1012 se
445 951 558 1012 diversa
580 958 627 1011 est
647 950 685 1011 ab
712 949 842 1012 essentia
865 949 988 1026 mundi,
1023 949 1238 1011 elementorum
1261 957 1291 1010 et
1312 949 1376 1010 ani·

254 1081 370 1124 marum
393 1065 426 1136 (9
450 1056 511 1122 183
534 1060 667 1135 Ontol.),
703 1059 845 1120 nimirum
868 1058 899 1121 id
921 1059 1001 1120 unde
1030 1059 1139 1138 pendet
1160 1057 1322 1120 necessitas
1343 1057 1375 1119 in

254 1171 421 1232 exsistendo
450 1169 588 1230 essentiis
616 1169 735 1230 illorum
767 1169 878 1230 entiurn
901 1187 1060 1231 commune
1089 1187 1149 1230 non
1172 1176 1217 1230 est
1238 1188 1306 1232 curn
1329 1187 1376 1230 es-

254 1280 346 1342 sentia
370 1279 472 1341 entisa
487 1297 529 1340 se.
563 1279 625 1339 Eos
648 1278 738 1358 igitur
758 1298 775 1338 a
798 1297 830 1339 se
853 1277 1000 1340 diversum
1024 1297 1090 1340 esse
1112 1277 1200 1340 debet
1218 1297 1234 1338 a
1251 1277 1373 1352 mundo,

253 1389 404 1452 elementis
426 1395 455 1448 et
476 1386 634 1448 animabus
655 1387 777 1448 nostris.
823 1387 899 1448 Ens
929 1386 973 1448 ab
995 1387 1076 1448 alio
1098 1405 1173 1448 non
1195 1386 1377 1449 continet

251 1500 446 1562 rationem
479 1496 754 1558 sufficientem
793 1496 1062 1558 exsistentiae
1099 1515 1192 1558 suae
1225 1495 1302 1558 nisi
1337 1496 1375 1558 in

251 1617 339 1670 ente
362 1627 377 1668 a
402 1626 450 1668 se.
498 1606 529 1667 Si
560 1625 668 1684 neges,
702 1606 853 1667 contineat
875 1625 928 1668 ens
958 1605 995 1668 ab
1018 1606 1075 1666 alio
1098 1605 1241 1668 rationem
1265 1607 1376 1668 suftlci·
1477 1647 1481 1655 -

251 1726 349 1780 entem
373 1716 562 1778 exsistentiae
584 1715 615 1776 in
645 1725 713 1776 ente
743 1716 821 1795 quod
852 1716 955 1778 itidem
985 1723 1032 1778 est
1053 1715 1090 1776 ab
1113 1715 1181 1776 alio.
1228 1715 1375 1787 Quoniam

253 1846 307 1888 ens
329 1825 367 1886 ab
389 1825 447 1886 alio
469 1824 583 1904 indiget
604 1825 631 1884 vi
653 1825 775 1886 alterius
797 1833 830 1886 ut
859 1825 980 1886 exsistat
1002 1829 1035 1901 (9
1058 1824 1114 1902 27)
1136 1824 1227 1886 veluti
1249 1825 1276 1886 vi
1299 1824 1376 1886 eutis

254 1937 275 1997 Α
298 1935 430 1994 nondum
454 1933 611 2012 intelligis,
635 1953 688 1996 cur
709 1954 763 1996 ens
784 1935 913 2014 primurn
936 1934 973 1996 ab
996 1933 1054 1996 alio
1077 1934 1211 2008 exsistat,
1243 1933 1301 1996 nisi
1324 1933 1375 1996 ubi

254 2052 445 2106 constet'cur
466 2043 587 2105 exsistat
609 2046 632 2105 Α
654 2053 683 2106 et
704 2045 747 2106 sic
779 2065 870 2126 porro
903 2045 933 2106 in
967 2045 1126 2106 infinitum.
1176 2043 1376 2116 Quamobrem

252 2155 316 2216 fieri
339 2173 400 2214 non
423 2162 521 2234 potest
543 2162 576 2215 ut
597 2155 786 2234 perveniatur
797 2156 834 2238 ad
846 2155 990 2217 rationem
1003 2154 1210 2232 sufficientem,
1235 2154 1376 2234 quamdiu

252 2263 281 2325 in
305 2273 374 2325 ente
396 2263 432 2324 ab
453 2264 512 2325 alio
540 2265 680 2326 subsistis
710 2269 744 2342 (9
767 2263 809 2327 56
832 2265 961 2341 (intel).
1014 2265 1173 2326 Enimvero
1202 2283 1293 2344 quum
1322 2282 1376 2326 ens

250 2395 266 2436 a
290 2394 322 2436 se
344 2395 405 2436 non
435 2375 567 2455 indigeat
594 2377 622 2436 vi
653 2375 776 2437 alterius
805 2385 836 2436 ut
867 2375 989 2438 exsistat
1018 2379 1051 2451 (9
1074 2373 1130 2452 27)
1160 2375 1292 2453 adeoque
1322 2393 1376 2436 ens

251 2504 339 2546 omne
361 2485 406 2544 vel
429 2484 469 2544 sit
490 2504 506 2544 a
529 2503 562 2545 se
584 2485 628 2544 vel
651 2485 688 2545 ab
711 2485 769 2546 alio
792 2481 879 2560 (953
902 2485 1031 2562 Ontol.)‚
1056 2485 1132 2546 ratio
1144 2477 1213 2546 uero
1225 2485 1376 2549 sufficiens

253 2593 443 2652 exsistentiae
473 2593 551 2652 entis
580 2591 617 2652 ab
646 2592 705 2652 alio
734 2612 795 2654 non
825 2593 994 2656 continetur
1023 2593 1054 2656 in
1077 2603 1146 2656 ente
1172 2596 1251 2674 quod
1273 2595 1376 2656 itidem

254 2700 291 2760 ab
313 2701 372 2760 alio
394 2708 440 2761 est
461 2719 515 2780 per·
544 2701 742 2762 demonstrata
772 2721 893 2763 necesse
917 2713 1017 2766 estut
1045 2705 1232 2766 contineatur
1253 2703 1284 2765 in
1308 2713 1376 2766 ente

254 2828 269 2870 a
293 2829 325 2869 se
349 2813 381 2884 (§
405 2806 446 2870 70
468 2809 596 2885 Ontol.).
639 2809 785 2881 Quoniam
809 2812 939 2874 mundus
961 2815 1010 2875 hic
1031 2813 1239 2894 adspectabilis
1262 2813 1373 2892 (951),

253 2919 397 2980 elementa
426 2937 527 2981 rernm
557 2919 753 2982 materialium
784 2921 896 3000 (956)
927 2931 956 2984 et
984 2925 1100 2986 atrimae
1131 2925 1277 2986 humanae
1307 2933 1377 2986 sunt

251 3029 331 3090 entia
353 3028 391 3088 ab
413 3029 472 3090 alio
503 3028 633 3106 (961),
659 3032 736 3092 entia
767 3052 836 3094 vero
859 3033 895 3096 ab
918 3034 976 3094 alio
1007 3035 1149 3096 rationein
1180 3037 1374 3098 sufficientem

251 3137 437 3199 exsistentiae
460 3158 531 3200 suae
554 3159 612 3200 non
636 3152 807 3222 agnoscant,
832 3143 891 3204 nisi
914 3144 945 3204 in
969 3155 1036 3204 ente
1058 3163 1074 3204 a
1098 3147 1182 3220 se‚(§
1196 3141 1251 3220 63)
1275 3165 1375 3206 mun·

251 3247 322 3308 dus
355 3249 417 3309 hic
449 3249 763 3329 adspectabilis,
799 3253 995 3314 elementa
1029 3272 1159 3315 rerum
1191 3255 1375 3315 materia-

251 3357 344 3418 lium
380 3365 416 3418 et
447 3357 602 3418 animae
635 3359 830 3420 humanae·
868 3361 1062 3423 rationem
1096 3363 1374 3426 sufficientem

161 3499 163 3503 ,
250 3467 516 3528 exsistentiae
550 3485 642 3526 suae
676 3487 750 3528 non
784 3469 930 3530 habent
965 3471 1044 3532 nisi
1078 3473 1115 3532 in
1150 3483 1238 3534 ente
1271 3493 1288 3534 a
1322 3491 1372 3536 se.

249 3575 339 3636 Enti
362 3596 378 3636 a
401 3576 559 3636 setalia
591 3575 802 3638 tribuenda
825 3587 916 3640 sunt
946 3583 1195 3660 praedicata,
1241 3583 1374 3664 qualia

250 3686 293 3746 ad
317 3687 387 3746 hoc
409 3687 684 3766 requiruntur,
709 3697 749 3748 ut
771 3687 1042 3769 intelligatur,
1067 3712 1135 3753 cur
1156 3693 1218 3756 hic
1240 3695 1374 3774 potius

250 3796 414 3856 mundus
447 3795 741 3874 adspectabilis
781 3817 861 3862 cum
898 3801 1106 3864 elementis
1146 3803 1230 3866 suis
1263 3822 1374 3882 quam

249 3905 354 3968 alius
377 3914 411 3966 et
443 3905 511 3965 hae
540 3907 675 3984 potius
708 3909 858 3970 animae
889 3929 996 3989 quam
1027 3911 1131 3987 aliae
1161 3913 1371 3974 exsistant.

249 4015 365 4076 Etenim
389 4033 443 4075 ens
465 4033 481 4074 a
504 4032 536 4076 se
559 4016 693 4078 continet
714 4018 859 4079 rationem
891 4019 1106 4096 sufficientem,
1138 4021 1256 4082 curbic
1274 4022 1373 4100 potius
1418 4025 1421 4032 “

250 4125 379 4188 mundus
412 4125 620 4206 adspectabilis
654 4146 721 4188 cum
755 4129 910 4190 elementis
944 4130 1007 4192 suis
1036 4150 1125 4210 quam
1155 4129 1231 4192 alius
1262 4141 1291 4193 et
1319 4131 1374 4194 bae

251 4234 351 4312 potius
385 4235 517 4311 animae,
552 4255 640 4316 quam
674 4237 749 4298 aliae
783 4239 924 4300 exsistant
958 4243 991 4314 (9
1014 4237 1081 4316 bl).
1127 4241 1183 4301 Per
1212 4261 1243 4303 ea
1271 4241 1371 4322 igitur,

249 4361 325 4422 quae
348 4345 408 4406 enti
430 4333 501 4406 ase
523 4345 637 4424 insunt,
661 4347 844 4428 intelligatur
865 4367 987 4410 necesse
1010 4358 1070 4425 est,
1095 4369 1149 4412 cur
1170 4351 1220 4414 hic
1242 4353 1373 4416 mundus
