3236 5076
604 443 926 516 „31—

204 627 315 690 tadone
344 626 458 688 deliros
486 631 574 704 atque
603 625 660 700 ita,
695 623 843 704 siquidem
873 642 933 689 noo
963 623 994 688 in
1024 631 1168 704 potestate
1198 643 1263 688 urea
1285 625 1325 690 sit

202 735 400 816 eliquid‘veri
422 753 611 816 cognoscere,
636 742 666 798 at
688 742 767 798 certe
789 735 847 796 boc
868 734 949 814 quod
970 734 1001 796 in
1025 753 1072 796 me
1095 743 1156 810 est,
1181 753 1220 798 ne
1242 735 1324 798 lalsis

203 845 348 910 assentiar
375 864 431 906 nec
459 845 532 906 mibi
555 844 717 924 quidquam
740 844 796 908 iste
822 843 962 924 deceptor
991 844 1178 924 quantumvis
1204 854 1322 924 potens,

204 953 393 1034 quantumvis
421 953 546 1044 callidus
576 961 679 1033 posset
707 953 862 1033 imponere
891 952 1045 1020 obfirmate
1075 961 1174 1018 mente
1203 955 1322 1020 cavebo.

204 1064 396 1146 Progreditur
416 1063 485 1130 inde
507 1064 544 1126 ad
567 1064 771 1144 quaestionem

283 1276 331 1346 II
349 1277 411 1348 De
424 1289 563 1356 ,nmero
583 1274 710 1348 mentm
727 1272 903 1348 humanae
922 1272 1020 1373 quod
1038 1275 1118 1374 ipso
1136 1275 1188 1352 se‘t
1203 1277 1325 1350 notter

201 1410 307 1486 quone
327 1411 467 1484 eorpus.
512 1391 593 1454 Nihil
614 1392 672 1456 nisi
693 1399 839 1474 punctum
865 1391 983 1472 petebat
1003 1392 1212 1469 Archimedes,
1244 1393 1325 1474 quod

201 1509 281 1568 esset
303 1504 421 1567 llrmum
445 1509 475 1564 et
495 1501 667 1578 immobile,
699 1510 733 1564 ut
753 1501 900 1594 integram
924 1509 1031 1564 terrem
1054 1502 1120 1564 loco
1142 1503 1324 1580 dimoverem

200 1631 306 1692 magna
329 1631 448 1694 quoquc
471 1611 615 1692 speranda
638 1619 726 1686 sunt,
761 1611 793 1672 si
823 1611 882 1672 vel
911 1611 1112 1674 minimum
1138 1611 1325 1678 invenere

200 1721 300 1801 qnod
324 1729 475 1782 certum
497 1721 548 1782 sit
571 1727 608 1780 et
629 1719 918 1782 inconcussum.
952 1719 1104 1798 Numquid
1126 1737 1197 1798 ergo
1219 1721 1325 1787 saltem

203 1849 271 1910 ego
294 1829 443 1910 aliquid
468 1827 572 1894 sumi
617 1829 676 1890 Sed
694 1828 756 1909 jam
778 1827 892 1908 negavi,
916 1847 965 1890 me
986 1828 1096 1893 babere
1119 1828 1195 1894 ullos
1218 1849 1325 1897 sensus

203 1947 233 2002 el
262 1939 356 2002 ullum
385 1957 512 2020 corpus;
547 1940 656 2002 haereo
685 1947 803 2016 tamen,
838 1959 907 2000 nam
937 1937 1123 2020 quidinde?
1157 1959 1263 2002 sumne
1285 1941 1324 2010 ic

203 2029 320 2128 corpori
343 2049 541 2129 sensibusque
568 2049 723 2129 alligatos,
759 2057 791 2112 ut
819 2049 884 2112 sine
913 2049 1069 2115 illisesse
1098 2068 1158 2112 uon
1187 2048 1324 2130 possim?

204 2157 261 2220 Sed
285 2157 358 2225 mibi
381 2159 526 2237 persuasi,
552 2159 626 2224 nibil
649 2159 737 2239 plane
761 2178 826 2220 esse
848 2159 879 2224 in
903 2159 1030 2232 mundo,
1055 2159 1172 2223 nullum
1196 2160 1322 2235 caelum,

202 2267 315 2330 nollem
337 2277 456 2344 terrem,
481 2268 580 2332 nullas
603 2277 730 2344 mentes,
754 2269 836 2332 oolla
859 2287 1003 2348 corpora;
1035 2287 1134 2330 nonne
1157 2267 1248 2348 igitur
1269 2289 1325 2334 me

201 2396 275 2438 non
298 2376 407 2443 esse‘l
439 2379 594 2442 lurocurte
616 2397 685 2458 ego
707 2397 827 2454 eram,
852 2377 884 2440 si
906 2378 998 2457 quid
1021 2377 1115 2441 mibi
1137 2378 1323 2457 persuasi.

203 2485 260 2548 Sed
284 2494 329 2548 est
350 2486 490 2566 deceptor
511 2487 612 2548 nescio
635 2486 702 2565 quis
725 2505 842 2546 summe
864 2494 969 2566 potens
992 2505 1108 2548 summe
1127 2487 1251 2548 callidus
1273 2461 1325 2566 qni

203 2595 241 2657 de
262 2594 406 2656 industrie
429 2613 477 2656 me
508 2613 626 2672 semper
648 2594 754 2667 fallit„
779 2593 863 2654 Haurd
886 2592 1089 2672 dubioigitur
1116 2613 1132 2655 e
1140 2613 1185 2674 gn
1207 2588 1325 2658 etiam

204 2720 304 2778 sum,
328 2702 361 2762 si
383 2721 438 2763 me
460 2701 588 2777 lallit,
612 2710 643 2764 et
664 2702 745 2764 fallat
766 2710 910 2782 qnantum
926 2709 1036 2782 potest,
1060 2721 1215 2782 nunquam
1227 2711 1325 2774 mmen

204 2811 326 2886 efficiet,
361 2819 395 2874 ut
415 2811 490 2874 nibil
512 2811 580 2886 sim,
604 2812 747 2892 quamdiu
770 2831 818 2874 me
838 2813 950 2892 aliquid
972 2831 1039 2874 esse
1061 2813 1216 2892 cogitabo,
1250 2812 1325 2876 adeo

203 2929 236 2990 ut
264 2920 405 2984 omnibus
434 2921 505 2982 satis
534 2939 684 3002 superque
714 2921 868 3002 pensitatis
896 2922 1025 3002 denique
1055 2923 1244 2984 statuendum
1274 2923 1324 3000 sit,

202 3031 259 3094 hoc
281 3030 529 3111 pronunciatum:
563 3031 641 3111 Ego
663 3050 764 3107 sum,
796 3051 863 3110 ego
893 3032 1062 3108 exsisto,
1097 3032 1214 3112 quoties
1235 3051 1252 3094 a
1275 3051 1325 3094 me

202 3142 352 3220 profertur
380 3141 426 3202 vel
449 3148 547 3204 mente
570 3141 737 3220 concipitur
759 3159 824 3202 esse
846 3159 959 3201 verum.
1000 3140 1139 3202 Nondum
1162 3159 1230 3200 vero
1253 3141 1325 3202 satis

203 3250 355 3328 intelligo,
385 3249 524 3329 quisnam
545 3269 612 3310 sum
636 3267 689 3329 ego
712 3249 780 3324 ille,
805 3249 856 3328 qui
876 3249 939 3328 jam
961 3250 1129 3310 necessario
1152 3267 1230 3310 sum.
1265 3248 1324 3310 Sed

203 3359 252 3424 bic
273 3358 373 3438 potius
395 3359 564 3432 attendam,
604 3359 676 3438 quid
709 3364 815 3436 sponte
849 3365 879 3418 et
911 3364 1015 3418 natura
1049 3356 1123 3417 duce
1156 3356 1325 3435 cogitationi

191 3485 288 3533 meae
316 3467 440 3528 antehac
469 3466 660 3542 occurrebat,
696 3466 814 3545 quoties
846 3465 918 3544 quid
951 3483 1048 3526 essem
1081 3465 1323 3544 considerabam
1366 3534 1370 3546 .

204 3595 312 3655 nempe
334 3575 509 3638 occurrebat
530 3575 645 3656 primo,
675 3593 723 3636 me
746 3574 855 3636 hebere
877 3574 1008 3649 vultum,
1040 3593 1164 3651 manus,
1192 3575 1323 3652 brachia,

204 3693 357 3764 totamque
376 3685 453 3746 hanc
474 3684 677 3748 membrorum
699 3684 877 3760 machinam,
902 3685 998 3764 qualis
1021 3685 1109 3748 etiam
1132 3685 1163 3746 in
1185 3686 1324 3751 cadavere

205 3794 337 3856 cernitur
359 3803 389 3856 et
410 3813 498 3872 quam
521 3795 654 3874 corporis
676 3795 798 3856 nomine
820 3795 1031 3874 designabam;
1056 3794 1229 3856 occurrebat
1239 3814 1324 3876 prae-

206 3911 302 3978 terea,
327 3921 375 3964 me
398 3902 521 3978 nutriri,
552 3903 707 3978 incedere,
742 3904 854 3966 sentire
875 3913 905 3966 et
926 3903 1072 3984 cogitare,
1107 3923 1180 3982 quas
1202 3904 1324 3984 quidem

204 4013 336 4076 actiones
358 4012 395 4073 ad
417 4011 548 4074 animam
570 4011 745 4074 referebam
780 4013 857 4084 Quid
869 4020 968 4074 autem
984 4031 1075 4089 nuuc,
1098 4012 1151 4074 ubi
1174 4031 1323 4094 suppono,

205 4121 393 4202 deceptorem
422 4121 553 4200 aliquem
575 4121 814 4200 potentissimum
844 4128 890 4192 et,
925 4122 950 4182 si
973 4123 1017 4184 ias
1046 4129 1091 4183 est
1113 4121 1227 4198 dicere,
1261 4141 1325 4184 ma·

205 4231 319 4310 lignum
349 4231 415 4292 data
445 4249 534 4311 opera
564 4231 595 4292 in
624 4230 764 4292 omnibus
793 4239 936 4310 quantum
964 4231 1062 4312 potuit
1090 4250 1144 4294 me·
1167 4231 1322 4308 delusisse,

165 4331 166 4334 '
205 4359 366 4422 possumne
388 4342 546 4417 affirmare,
571 4357 619 4402 me
641 4340 750 4402 babere
760 4341 806 4402 vel
818 4340 975 4402 minimum
987 4339 1058 4420 quid
1074 4359 1109 4402 ex
1123 4339 1161 4400 iis
1172 4339 1323 4416 omnibus,
