3260 5058
275 611 344 656 eum
365 592 522 656 elementis
542 593 774 656 suisetanimae
787 593 933 654 hnmanae
945 591 999 654 bae
1015 593 1114 672 potius
1129 592 1283 669 exsistant,
1308 613 1398 673 quam

275 703 405 766 mundus
427 701 502 764 alius
519 702 652 782 aliaeque
671 703 787 764 animae
805 703 969 776 humanae,
994 703 1054 764 imo
1073 702 1258 782 simpliciter,
1283 722 1336 764 eur
1350 705 1400 766 bie

275 813 405 874 mundus
428 831 497 874 eum
520 813 675 874 elementis
698 812 761 874 suis
784 812 1143 896 etenimabusbumanis
1162 813 1283 874 exsistat
1298 815 1399 892 potius

276 941 364 1001 quam
382 939 441 982 non
458 923 578 984 exsistat
595 920 823 998 (sueoniae).
870 922 1069 993 Quamobrem
1092 922 1153 984 enti
1176 941 1192 984 a
1215 941 1247 984 se
1259 943 1292 984 ea
1306 924 1399 986 tribu·

276 1032 351 1092 enda
385 1040 456 1094 sunt
487 1033 671 1111 praedicata,
717 1032 781 1093 sine
810 1031 921 1111 quibus
952 1051 1011 1094 non
1041 1031 1233 1112 intelligitur,
1268 1053 1322 1094 our
1351 1035 1399 1098 bie

276 1143 407 1204 mundus
426 1142 637 1222 -adspeetabilis
667 1159 736 1203 curn
766 1141 829 1202 suis
859 1141 1016 1202 elementis
1043 1141 1149 1220 hisque
1171 1142 1328 1206 animabus
1350 1163 1399 1204 ex-

276 1253 361 1314 sistat
382 1252 500 1332 potiuS‚
534 1269 624 1331 quem
647 1251 722 1312 alius
744 1270 812 1312 eum
835 1250 990 1312 animabus
1013 1250 1088 1312 aliis.
1135 1250 1173 1312 Si
1197 1252 1397 1315 exsisten-

276 1363 355 1424 tiae
378 1361 508 1424 mundi
530 1361 825 1441 adspectabilis
847 1371 884 1422 et
904 1362 1120 1424 animarum
1144 1362 1392 1426 bumanorum

276 1472 379 1533 ratio
412 1472 449 1533 in
483 1479 571 1532 ente
605 1490 679 1532 uno
712 1471 813 1550 quod
845 1491 862 1532 a
896 1489 936 1532 se
969 1480 1029 1532 est
1061 1472 1232 1551 reperiri
1266 1481 1393 1552 potest

276 1583 390 1663 plura
412 1581 570 1643 admitti
594 1599 667 1642 non
691 1590 867 1661 possunt.
896 1582 999 1661 Neque
1021 1581 1100 1644 enim
1125 1582 1260 1644 novimus
1281 1589 1394 1660 praeter
1463 1647 1465 1650 .

275 1692 420 1754 mundum
443 1691 683 1771 adspectabilem,
708 1710 796 1771 quern
820 1691 844 1752 si
867 1691 904 1752 ab
931 1691 1141 1771 imaginatione
1163 1691 1338 1752 diseesseris
1359 1690 1396 1752 ab

276 1802 431 1864 elementis
454 1803 517 1886 suis
539 1820 676 1882 separare
699 1802 821 1864 minime
848 1802 918 1863 lieet
947 1802 1196 1881 quemadmodum
1219 1801 1280 1882 jam
1308 1820 1397 1881 sopra

275 1913 463 1974 ostendimus
485 1919 515 1972 et
536 1913 650 1972 animas
672 1912 818 1972 humanas
840 1912 920 1973 hune
935 1912 992 1972 sibi
1009 1912 1154 1974 mundum
1170 1930 1224 1992 per
1239 1911 1396 1974 essentiam

274 2030 306 2084 et
338 2030 473 2084 naturam
507 2041 591 2082 suern
626 2031 880 2101 repraesentantes
914 2027 946 2097 (s
969 2019 1020 2098 66,
1046 2020 1088 2084 67
1109 2021 1242 2102 Psyebol.
1268 2026 1340 2098 rat.)
1370 2030 1399 2084 et

276 2133 384 2192 borum
418 2131 605 2193 exsistentiae
645 2130 790 2192 rationem
831 2131 1027 2192 sufficientem
1062 2131 1233 2210 quaerimus
1266 2132 1296 2192 in
1330 2140 1399 2193 ente

276 2241 377 2320 aliquo
398 2241 478 2320 quod
501 2259 517 2301 a
541 2259 573 2301 se
595 2249 641 2300 est
663 2244 696 2315 (s
719 2237 787 2316 dd).
833 2233 1050 2316 Quamobrem,
1101 2241 1126 2302 si
1149 2260 1203 2321 per
1224 2260 1276 2315 ea,
1322 2260 1398 2321 quae

276 2351 337 2412 enti
359 2350 412 2412 uni
434 2369 450 2412 a
474 2369 506 2412 se
528 2351 641 2426 insunt,
665 2369 720 2411 eur
743 2351 791 2411 bie
813 2350 943 2412 mundus
965 2351 1174 2430 adspectabilis
1196 2370 1263 2412 eum
1285 2352 1398 2412 anima-

276 2461 333 2522 bus
355 2460 493 2522 bumanis
516 2461 636 2522 exsistat
657 2460 849 2540 intelligitur,
884 2478 938 2522 ens
967 2462 1024 2522 boe
1046 2480 1138 2522 unum
1162 2461 1271 2522 suffieit
1293 2470 1326 2522 ut
1348 2479 1397 2522 ex·

277 2571 383 2633 sistant
416 2576 448 2647 (5
471 2569 513 2633 56
536 2571 670 2647 Ontol.),
713 2579 928 2650 consequenter
966 2571 1035 2651 quia
1075 2571 1274 2632 exsistentiam
1297 2571 1396 2632 istius·

276 2683 358 2744 modi
381 2682 457 2742 entis
479 2689 633 2761 propterea
658 2681 859 2757 admittimus,
892 2681 971 2761 quod
994 2701 1029 2742 eo
1051 2681 1181 2742 admisso
1204 2681 1396 2761 intelligimus

275 2811 331 2854 eur
352 2792 401 2852 hie
423 2791 553 2852 mundus
575 2809 642 2852 eum
664 2791 819 2852 animabus
842 2791 981 2852 humanis
1003 2792 1124 2852 exsistat
1142 2789 1254 2868 (de),
1278 2799 1396 2870 praeter

276 2903 375 2982 ipsum
404 2901 485 2963 aliud
514 2901 605 2980 gratis
634 2901 838 2962 admitteretur
867 2902 999 2980 adeoque
1029 2902 1143 2963 admitti
1173 2901 1287 2981 nequit.
1340 2901 1396 2962 Per

276 3011 390 3072 Deum
409 3009 615 3089 'intelligimus
644 3027 697 3070 ens
719 3029 735 3070 a
758 3029 790 3070 se
820 3011 849 3070 in
874 3029 932 3089 quo
956 3011 1125 3072 continetur
1147 3012 1221 3073 ratio
1243 3011 1394 3074 sufficiens

277 3120 465 3182 exsistentiae
494 3120 596 3180 mundi
625 3119 715 3199 hujus
737 3119 945 3198 adspectabilis
973 3129 1002 3181 et
1023 3121 1189 3183 animarum
1213 3129 1392 3182 nostrarum.

276 3230 469 3291 Definitio
502 3229 717 3290 nominalis
740 3229 805 3290 Dei
838 3229 940 3308 quod
973 3230 1025 3291 sit
1057 3250 1125 3291 ens
1154 3250 1233 3292 ase
1259 3231 1297 3291 in
1321 3249 1394 3309 quo

276 3340 510 3401 continetur
532 3338 635 3400 ratio
657 3339 874 3401 sullieiens
897 3339 1027 3402 mundi
1051 3340 1171 3421 bujus
1193 3341 1395 3420 adspecta-

276 3450 373 3512 bilis
403 3450 685 3526 exsistentiae,
722 3459 780 3511 est
810 3451 1043 3529 Scripturae
1073 3469 1210 3512 saerae
1240 3453 1395 3512 eonfor-

276 3560 365 3633 mis,
390 3577 457 3620 seu
479 3559 609 3620 eadem
633 3569 693 3622 est
714 3579 825 3639 quam
848 3561 1056 3640 Scriptura
1080 3579 1189 3622 saera
1212 3561 1393 3641 supponit.

276 3668 396 3731 Etenim
425 3686 514 3729 nemo
547 3668 664 3747 ignorat
696 3669 880 3748 Scripturam
911 3687 1024 3730 sacram
1056 3670 1103 3730 his
1131 3670 1263 3732 ineboari
1296 3669 1394 3732 verbis

278 3778 491 3854 (Genesim
525 3778 565 3838 ln
599 3777 799 3858 principio
833 3779 985 3839 creavit
1027 3779 1128 3840 Deus
1168 3781 1318 3841 eoelum
1359 3789 1395 3841 et

276 3896 431 3950 terram.
476 3887 569 3949 Nemo
599 3887 716 3967 ignorat
736 3887 830 3948 libros
856 3907 872 3948 a
895 3887 976 3948 blase
999 3890 1184 3968 conscriptos
1206 3909 1271 3950 esse
1294 3889 1393 3968 lingua

277 3998 430 4060 llebratea.
476 3997 597 4060 Constat
625 4015 695 4058 vero
724 3996 868 4058 Hebraeis
898 4015 957 4058 non
986 3998 1078 4058 luisse
1105 3998 1300 4074 vocabulum,
1335 4016 1394 4078 quo

276 4107 422 4168 mundum
466 4119 617 4185 tamquam
667 4107 788 4168 nomine
839 4127 894 4169 suo
937 4107 1125 4187 insignirent.
1196 4107 1393 4180 Quamobrem

276 4216 419 4278 mundum
442 4217 617 4298 appellaturi
648 4216 761 4280 eoelum
785 4217 886 4280 dixere
914 4227 1003 4298 alque
1025 4227 1144 4280 terram.
1189 4218 1281 4278 Verba
1305 4219 1394 4298 igitur

277 4327 445 4408 Soripturae
465 4327 600 4389 „initialia
634 4327 672 4388 ita
708 4334 880 4392 vertuntur:
926 4328 959 4389 ln
993 4328 1141 4408 principio
1174 4328 1282 4389 creavit
1314 4328 1393 4388 Deus
