3236 5076
676 459 998 530 „38-

271 642 348 722 apud
372 659 419 703 me
441 642 608 722 expendere
630 650 660 704 et
688 642 826 704 immensi
856 642 946 722 harjus
977 641 1100 705 luminis
1129 641 1393 723 pulchritudinem,

271 759 414 830 quantum
437 751 590 831 caligantis
612 752 724 832 ingenii
747 752 805 813 mei
828 753 907 814 acics
931 754 1007 814 terre
1028 761 1144 832 potest,
1179 753 1308 826 intueri,
1342 753 1395 814 ad-

271 861 391 935 mirari,
426 861 559 923 adorare.
607 862 644 923 Ut
672 862 751 922 enirn
774 862 806 922 in
829 862 884 922 hac
912 861 975 922 sota
997 861 1115 922 divinae
1137 861 1301 941 majestatis
1323 880 1395 923 coo-

270 971 461 1051 tentptationa
494 989 641 1042 summam
681 971 802 1036 aherins
832 971 908 1032 vitae
942 971 1108 1034 felicitatem
1142 971 1304 1033 consistere
1336 971 1395 1032 tide

269 1080 436 1156 credimus,
471 1081 510 1142 ita
535 1081 622 1142 etiam
652 1080 714 1161 jam
737 1100 773 1142 ex
795 1081 897 1142 eadem
920 1079 988 1142 licet
1011 1081 1104 1142 mutto
1131 1080 1231 1142 minus
1252 1081 1392 1160 perfecta,

269 1191 425 1251 maximam
456 1191 543 1270 cujus
571 1163 602 1251 in
625 1191 681 1251 hac
709 1190 766 1251 vita
797 1209 918 1269 capaces
945 1209 1051 1252 sumus
1078 1189 1257 1270 voluptatem
1281 1190 1392 1269 percipi

268 1317 356 1380 pesse
389 1299 568 1379 experimur.
586 1333 645 1344 ι-
688 1299 868 1362 Pertractata
900 1299 1025 1376 deinde,
1060 1317 1150 1380 quam
1183 1299 1232 1360 hic
1263 1305 1394 1379 praeter-

269 1409 360 1471 mittit
382 1409 566 1489 quaestione,
591 1427 737 1489 quaenam
759 1409 833 1470 aliae
856 1410 992 1472 veritates
1014 1429 1049 1470 ex
1072 1411 1126 1472 hac
1149 1409 1201 1470 nu
1224 1409 1392 1470 exsistentis

268 1519 438 1600 cognitione
460 1520 601 1581 certiores
624 1521 696 1580 flant
709 1517 738 1594 ⁴)
762 1537 868 1580 narsus
890 1519 946 1581 alia
969 1520 1095 1600 quadarn
1111 1519 1156 1581 via
1172 1519 1251 1580 idern
1270 1519 1393 1580 demon-

270 1637 365 1692 strare
388 1629 489 1692 studet
510 1630 541 1692 in
564 1649 598 1692 ea
621 1629 812 1692 meditatione
835 1649 911 1710 quaa
933 1630 1123 1692 inscribitur:

358 1849 403 1917 V
422 1849 481 1918 De
495 1848 649 1919 essentia
662 1873 783 1918 rerum
796 1846 1037 1919 mctercnlium
1052 1847 1230 1918 etiterum
1252 1845 1295 1916 de
1307 1847 1391 1918 Deo

267 1955 608 2054 praedamnat-
645 1965 711 2025 Jarn
734 1984 803 2025 vero
826 1965 851 2026 si
881 1985 916 2026 ex
946 1984 980 2026 eo
1010 1965 1090 2043 qued
1124 1947 1181 2024 rei
1215 1963 1391 2043 alicujus

267 2074 393 2134 ideam
425 2074 572 2153 possim
607 2093 650 2134 ex
684 2074 935 2154 cogitatione
968 2093 1046 2136 anea
1080 2073 1313 2154 depromere
1345 2091 1392 2134 se

266 2184 368 2262 quitur
389 2201 429 2244 ea
454 2183 597 2258 omnia,
633 2201 730 2262 qnae
752 2183 796 2244 ad
819 2183 927 2245 illam
951 2203 1029 2244 rem
1054 2183 1261 2263 pertinere
1283 2183 1391 2244 ctare

266 2299 302 2353 et
325 2292 519 2353 distincte
549 2293 732 2372 percipio
761 2311 801 2353 re
830 2311 918 2354 vera
948 2293 992 2353 ad
1022 2293 1132 2353 illam
1163 2293 1389 2372 pertinere:

266 2401 410 2480 numquid
441 2401 510 2462 inde
540 2402 627 2462 etiarn
657 2401 759 2463 haberi
790 2409 887 2482 potest
916 2411 1189 2481 argumentum
1220 2421 1294 2482 quo
1323 2402 1390 2464 Dei

266 2511 504 2573 exsistentia
545 2512 760 2593 probetur?
805 2513 892 2574 Certo
925 2511 991 2592 ejus
1020 2513 1117 2574 ideam
1148 2531 1255 2591 nempe
1284 2514 1389 2580 entis

265 2641 305 2683 su
314 2639 400 2684 mnae
416 2623 568 2702 perfecti
585 2643 644 2684 non
657 2623 759 2686 minus
770 2624 848 2704 apud
861 2642 908 2685 me
919 2623 1038 2684 invenio
1050 2643 1138 2703 quarn
1150 2623 1246 2685 ideam
1258 2623 1390 2703 cujusvis

265 2737 376 2815 figurae
405 2743 456 2796 ant
477 2737 594 2798 numeri
619 2755 674 2798 nec
696 2737 796 2798 minus
826 2737 933 2798 clare
963 2745 1000 2798 et
1022 2736 1224 2798 distincte
1255 2734 1390 2813 intelligo

264 2846 308 2906 ad
331 2845 417 2925 ejus
439 2854 618 2905 naturam
641 2846 848 2924 pertinere
870 2855 911 2908 nt
933 2865 1084 2926 semper
1106 2845 1278 2906 exsistat
1300 2863 1389 2923 quam

264 2954 293 3014 id
318 2954 397 3032 quod
421 2954 457 3013 de
479 2954 577 3036 aliqua
604 2956 697 3033 figura
719 2962 770 3014 ant
791 2973 916 3016 nurnero
929 2957 1101 3016 demonstro
1117 2956 1153 3016 ad
1169 2955 1235 3035 ejus
1252 2961 1388 3015 naturam

264 3064 431 3144 pertinere,
456 3083 491 3124 ac
512 3063 637 3143 proinde
661 3063 696 3124 in
721 3065 853 3125 eodem
875 3065 912 3125 ad
935 3064 1093 3126 minimum
1122 3064 1388 3126 certitudinis

202 3229 211 3240 .
265 3174 386 3254 gradu
416 3191 481 3235 esse
511 3173 599 3235 debet
620 3175 697 3254 apud
722 3193 769 3235 me
799 3173 1040 3235 exsistentia
1065 3174 1146 3246 Dei,
1182 3175 1212 3234 in
1236 3193 1296 3252 qtro
1318 3175 1389 3234 hac-

264 3294 351 3346 tenns
373 3285 496 3346 suerunt
523 3285 825 3346 mathematicae
855 3285 1055 3346 veritates.
1103 3286 1288 3363 Quamquam
1316 3301 1388 3343 sane

263 3396 321 3456 hoc
342 3395 438 3474 prima
462 3397 559 3456 fronte
581 3411 641 3456 non
676 3404 722 3456 est
755 3395 877 3456 ornoino
907 3395 1118 3474 perspicuam,
1154 3394 1205 3454 sed
1240 3393 1386 3473 quandam

264 3503 455 3583 sophismatis
496 3505 624 3583 speciem
664 3507 764 3566 refert.
822 3506 921 3576 Quum
962 3505 1041 3566 enim
1074 3511 1210 3566 assuetus
1251 3502 1307 3564 sirn
1348 3501 1385 3563 in

264 3612 447 3673 omnibus
490 3613 585 3673 aliis
630 3613 749 3674 rebus
797 3615 1077 3674 exsistentiam
1120 3613 1165 3674 ab
1209 3612 1385 3674 essentia

264 3721 534 3800 distinguere,
580 3722 665 3784 facile
698 3722 771 3782 mihi
804 3723 970 3801 persuadeo
1014 3723 1096 3784 illam
1134 3723 1221 3784 etiarn
1255 3723 1299 3784 ab
1333 3741 1387 3782 es·

264 3829 393 3891 santia
418 3830 485 3891 Dei
519 3830 679 3910 sejungi
711 3849 827 3910 posse
860 3837 948 3909 atque
981 3831 1021 3892 ita
1054 3833 1148 3894 Deum
1182 3841 1216 3894 at
1248 3851 1307 3894 noo
1337 3851 1386 3892 ex-

263 3941 416 4002 sistentem
450 3940 590 4019 cogitari,
630 3939 682 4001 sed
716 3947 814 4000 nmen
848 3940 1020 4020 diligentins
1054 3943 1226 4003 adtendenti
1259 3943 1291 4002 tit
1323 3959 1386 4001 ma-

263 4051 403 4112 nifestum
433 4069 510 4110 non
539 4051 661 4130 magis
690 4068 807 4130 posse
836 4051 1114 4114 exsistentiam
1144 4051 1185 4113 ab
1213 4050 1385 4112 essentia

332 4313 361 4378 d)
380 4312 412 4362 ci.
433 4311 622 4363 Meditationenr
641 4311 688 4364 IV:
710 4313 746 4363 de
765 4328 844 4364 vero
864 4321 895 4364 et
919 4311 1006 4364 salso
1026 4313 1050 4363 ia
1069 4329 1118 4380 qua
1136 4311 1198 4363 haec
1216 4327 1258 4363 res
1277 4311 1383 4378 arrrplius

266 4403 374 4448 tractata
393 4403 440 4448 cst.
