3260 5058
236 644 404 707 eommunis
426 643 560 706 onmium
583 641 740 704 bominum
762 641 914 723 perceptio
937 643 974 703 de
997 641 1059 704 Deo
1080 641 1226 723 inteffigit.
1262 639 1359 704 f‘bifo·

236 757 363 835 sophus,
385 763 418 816 ut
438 755 478 815 ita
500 754 643 828 dicamus,
668 771 722 814 ens
744 753 892 832 quoddam
916 751 1157 832 potentissimum
1179 761 1280 814 mente
1301 753 1358 814 sibi

236 865 368 945 effingit,
403 883 502 925 coram
525 883 585 943 quo
614 862 729 924 nullum
759 863 916 923 effudens
946 881 978 923 re
1000 881 1066 924 vera
1090 862 1271 936 subsistere,
1306 863 1358 924 sed

237 969 440 1056 per'speciem
466 983 579 1036 tantum
601 991 667 1035 esse
689 982 806 1054 potest;
830 974 991 1036 Saturnum
1008 974 1167 1053 quendam,
1192 973 1359 1054 quiomnes

237 1103 313 1166 quos
334 1085 491 1165 progenuit
519 1085 628 1145 liberos
658 1083 802 1144 immensa
832 1101 885 1144 sua
909 1092 939 1145 et
960 1083 1043 1144 ratde
1072 1081 1205 1144 horribili
1229 1081 1359 1163 potentia

236 1197 343 1258 iterum
365 1195 493 1255 devorat.
541 1193 637 1254 Homo
659 1201 774 1267 autem,
809 1211 870 1254 non
901 1193 967 1254 dico
996 1192 1178 1254 christianus
1209 1193 1260 1254 sed
1293 1191 1360 1272 pius

235 1306 329 1368 Deum
351 1305 408 1365 hoc
430 1313 476 1365 est
497 1311 627 1366 mentem
651 1303 697 1364 sui
721 1303 816 1384 ipsius
838 1303 987 1364 consciam
1018 1301 1281 1383 perfectissimam,
1312 1319 1360 1362 sa·

233 1414 471 1496 pientissimam,
506 1431 623 1474 summe
654 1412 761 1474 bonam
784 1412 916 1492 quaerit,
951 1412 1030 1473 bano
1058 1429 1091 1474 re
1120 1429 1187 1472 vero
1217 1410 1360 1472 exsistere

233 1544 324 1606 quam
346 1510 513 1586 certissime
535 1522 600 1583 fleri
623 1523 734 1602 poten't
762 1522 820 1584 sibi
850 1521 969 1602 probari
999 1521 1071 1584 ruit.
1117 1521 1149 1584 Si
1172 1521 1301 1600 deniquo
1321 1519 1359 1580 ad

233 1636 332 1714 ipsum
345 1634 490 1713 Spioozae
512 1639 783 1711 argumentum
806 1631 984 1710 respicimus
1006 1639 1089 1690 tres
1110 1631 1362 1709 propositaesunt

235 1742 519 1804 demonstrationes.
573 1741 706 1811 erarum
737 1739 861 1819 prima
884 1739 938 1800 Dei
967 1739 1025 1799 boc
1053 1745 1099 1799 est
1128 1737 1261 1800 infinitae
1290 1738 1362 1799 sub-

237 1851 364 1912 stantiae
395 1849 554 1910 cesennam
587 1848 757 1910 neoessario
793 1847 994 1910 exsistentiam
1029 1847 1178 1909 involvere
1209 1862 1244 1909 ex
1277 1865 1361 1928 prse-

238 1959 413 2020 cedentibus
436 1959 562 2048 breviter
583 1959 700 2039 probat.
739 1959 871 2020 Altera
895 1957 1085 2038 sagacissime
1107 1957 1217 2020 nuliam
1240 1972 1360 2020 causam

237 2068 299 2130 sire
321 2069 466 2130 rationem
489 2087 565 2148 quae
587 2069 665 2130 entis
686 2067 821 2130 absolute
843 2067 952 2129 infiniti
976 2075 1006 2129 et
1027 2085 1144 2130 summe
1165 2067 1288 2149 perfecti
1310 2083 1361 2129 ex·

235 2179 399 2241 sistentiam
429 2179 512 2240 totfat
545 2177 608 2241 dari
642 2195 730 2259 posse
763 2178 893 2240 ostendit
947 2178 1013 2240 Non
1046 2187 1145 2240 tamm
1175 2177 1244 2240 inde
1274 2177 1360 2257 sequi

232 2289 359 2358 videtur,
384 2289 477 2351 Deum
500 2289 668 2351 necessario
691 2289 844 2364 exsistere,
869 2288 922 2350 sed
944 2297 1059 2350 tantum
1082 2289 1224 2370 possibile
1242 2307 1309 2350 esse
1327 2293 1361 2350 ut

233 2399 359 2460 essentia
376 2397 442 2479 ejus
458 2400 658 2461 exsistentiam
676 2400 811 2461 invofrat.
857 2397 992 2460 Tertia
1014 2399 1166 2478 prioribus
1189 2399 1259 2474 iilis,
1283 2412 1360 2478 quae

234 2517 302 2569 ante
324 2509 482 2587 Spinonem
505 2510 656 2588 proposita
688 2516 760 2569 sunt
788 2508 972 2586 argumentis
994 2508 1101 2568 similis
1124 2515 1179 2570 est.
1224 2509 1258 2570 ld
1280 2507 1361 2588 quod

237 2617 282 2676 rel
303 2616 445 2678 exsistere
470 2616 517 2675 rel
547 2633 606 2677 non
637 2617 779 2677 exsistere
813 2623 911 2694 potest
941 2616 1193 2695 imperfectionem
1223 2617 1358 2680 includit.

237 2726 339 2804 tuque
361 2721 386 2785 si
409 2740 458 2784 res
480 2725 579 2786 finitae
602 2732 720 2799 essent,
749 2741 803 2786 ens
823 2738 894 2785 rero
915 2724 1051 2786 absoluto
1073 2725 1222 2788 infinitum
1244 2735 1274 2788 et
1293 2745 1361 2807 per·

236 2836 345 2896 fectum
368 2851 428 2895 non
452 2835 518 2894 sino
539 2833 620 2896 omui
643 2833 735 2895 dubio
764 2834 937 2910 exsisteret,
972 2836 1025 2897 sed
1055 2853 1115 2896 nou
1144 2853 1211 2897 esse
1239 2837 1360 2918 eogitm

233 2953 344 3026 posset,
369 2944 470 3006 finitae
487 2945 554 3006 iffae
571 2961 619 3006 res
638 2945 815 3008 exsistentes
831 2953 899 3016 ente
915 2945 1031 3007 infinito
1043 2947 1234 3026 perfectiores
1245 2955 1357 3023 essent,

233 3057 312 3136 quod
335 3053 500 3116 absurdum
523 3065 578 3117 est.
623 3057 689 3118 dam
719 3073 787 3116 voro
815 3055 950 3136 nosipsi
977 3059 1109 3136 profecto
1131 3075 1255 3120 strutus:
1289 3075 1359 3136 ergo

181 3155 184 3160 ’
234 3183 287 3226 ens
315 3165 451 3226 absolute
481 3165 629 3227 infinitum
661 3167 831 3228 necessario
861 3165 986 3228 exsistit.
1031 3168 1115 3239 Quae
1144 3168 1359 3229 demonstratio

235 3291 304 3334 curn
328 3275 452 3334 Cartesii
474 3283 649 3352 argumento
672 3275 806 3355 proxime
829 3277 975 3352 convenit,
1000 3278 1210 3339 cumfuselmi
1233 3295 1303 3340 vero
1325 3297 1359 3338 eu

149 3397 151 3404 ¹
238 3401 327 3460 quam
356 3383 387 3442 in
418 3383 538 3444 Soboiio
567 3385 709 3464 proponit
730 3385 842 3446 forma:
876 3387 966 3448 Posse
989 3387 1130 3448 exsistere
1152 3387 1293 3468 perfectio
1315 3395 1360 3450 ost

236 3499 266 3554 et
294 3509 354 3571 quo
370 3491 451 3571 plns
481 3491 622 3554 rectitatis
654 3494 781 3574 alicujus
809 3495 852 3556 rei
882 3503 1005 3558 naturae
1034 3497 1192 3576 competit,
1228 3510 1264 3558 eo
1292 3497 1361 3578 pius

235 3602 342 3663 virium
364 3621 379 3662 a
403 3621 435 3662 se
458 3602 556 3675 babet,
581 3611 615 3664 ut
636 3605 774 3666 exsistat:
799 3623 869 3686 ergo
892 3623 945 3668 ens
968 3607 1103 3669 absolute
1126 3607 1275 3668 infinitum
1299 3608 1360 3670 sire

235 3712 314 3774 Deus
336 3712 480 3774 infinitam
503 3712 639 3775 absolute
660 3716 821 3795 potentiam
845 3715 1005 3778 exsistendi
1028 3735 1043 3778 a
1067 3735 1099 3777 se
1119 3717 1208 3779 babet
1226 3718 1360 3798 adeoque

234 3823 404 3884 necessario
426 3824 548 3885 exsistit.
596 3827 654 3887 Sed
677 3845 782 3890 eorum
806 3845 882 3906 quae
904 3845 994 3908 supra
1015 3828 1077 3908 Jam
1102 3829 1212 3908 (capite
1224 3828 1250 3888 tt
1262 3835 1292 3888 et
1303 3829 1359 3904 tlt)

234 3933 430 3995 disseruimus
464 3934 513 3994 bic
541 3937 713 3998 meminisse
749 3938 894 4010 sufficiet,
930 3955 986 3999 nec
1015 3952 1103 4018 posse
1133 3937 1273 3998 exsistere
1303 3953 1360 4000 neo
1450 3921 1455 3932 ’

233 4053 300 4105 actu
323 4061 389 4106 esse
411 4046 622 4124 perfectionem
645 4056 724 4108 recte
747 4047 823 4121 dici,
858 4065 951 4126 quum
973 4048 1036 4127 ipsa
1066 4048 1166 4127 potios
1189 4047 1359 4112 exsistentis

234 4155 367 4216 omnium
399 4155 613 4234 perfectionum
647 4158 714 4218 fons
755 4157 840 4235 quasi
875 4165 904 4217 et
937 4157 1118 4237 principium
1152 4155 1199 4218 sit.
1256 4157 1359 4238 tooure

235 4265 392 4343 Spinonem
422 4267 507 4346 pfura
538 4267 658 4346 quidem
689 4275 719 4327 et
748 4265 918 4345 gravissima
949 4267 1027 4328 sicut
1055 4268 1085 4327 in
1109 4267 1292 4330 substantiae
1313 4269 1360 4330 io-

234 4374 337 4437 finitae
359 4376 480 4438 nodone
502 4377 669 4438 accuratius
693 4375 873 4448 definienda,
898 4375 933 4436 ad
947 4376 1140 4439 excotenoum
1151 4389 1359 4458 argumentum
