3260 5058
640 457 987 524 -109—

243 643 327 715 ritas‚
352 641 440 702 modo
463 659 503 702 ne
524 641 598 702 haec
620 639 789 702 exsistentis
800 639 853 702 llei
876 639 1015 718 cogitatio
1037 639 1171 702 inanis
1193 647 1221 700 et
1244 639 1369 702 deter-

244 753 407 824 minata,
432 751 484 814 sed
507 751 794 814 essentialiter
815 750 949 812 divina
972 750 1028 824 sit;
1062 767 1133 828 crgo
1155 749 1247 828 quia
1269 751 1369 812 neus

245 861 388 924 mentis
411 881 503 922 suae
536 862 571 922 vi
592 862 630 922 in
663 861 822 922 ratione
852 868 888 921 et
909 868 970 922 est
998 867 1035 920 et
1063 867 1253 939 operatur
1274 860 1368 922 lieri

245 971 403 1051 nequit,
439 971 532 1049 quin
554 971 659 1032 ratio
688 969 819 1049 ipsius
850 969 1132 1030 exsistentiam
1159 969 1370 1050 intelligat

246 1089 284 1144 et
306 1082 562 1142 confiteatur.

331 1191 361 1252 Si
384 1191 421 1252 ad
445 1191 537 1265 hanc,
561 1209 649 1269 quam
672 1189 812 1251 concordi
835 1189 913 1250 inter
934 1209 966 1252 se
989 1189 1108 1268 ingenio
1132 1191 1319 1270 llegclius
1340 1199 1370 1253 et

245 1301 495 1362 lllarheineke
529 1309 748 1380 proposuerunt
782 1301 948 1378 argumenti
978 1301 1138 1380 catologici
1165 1302 1368 1364 defensionem

243 1431 409 1491 novamque
431 1412 697 1474 conformationem
717 1411 892 1489 respicimus
911 1411 1099 1490 sagacissima
1116 1413 1249 1491 profecto
1271 1421 1318 1474 cst
1338 1419 1370 1474 et

241 1522 340 1601 primo
363 1530 487 1600 aspectu
509 1521 684 1584 acerrimam
709 1521 790 1582 illam
812 1521 1025 1602 adversamque
1048 1522 1180 1584 Kantii
1211 1541 1368 1586 censuram

240 1650 368 1710 prorsus
398 1631 553 1692 devincere
581 1632 709 1692 videtur.
754 1631 844 1692 Recte
874 1631 954 1692 enirn
985 1639 1088 1692 nostro
1110 1632 1230 1710 quidem
1255 1632 1368 1712 judicio

244 1739 437 1817 Hegelius
461 1741 511 1819 qui
535 1741 572 1801 de
594 1741 801 1820 philosophico
823 1740 915 1820 hujus
938 1741 1200 1802 demonstrationis
1222 1743 1369 1822 principio

194 1857 202 1872 ·
250 1849 388 1928 pluribus
420 1850 517 1911 verbis
550 1851 700 1930 loquitur,
747 1851 776 1912 id
815 1851 975 1931 praecipue
1009 1860 1128 1926 monet,
1167 1859 1201 1913 ut
1232 1872 1369 1932 perce·

248 1958 422 2037 ptionis,
446 1979 535 2040 quam
557 1961 632 2020 ratio
655 1970 755 2022 nostra
779 1981 832 2040 per
853 1962 973 2022 insitam
996 1961 1053 2041 ipsi
1076 1970 1106 2022 et
1127 1963 1235 2024 deinde
1256 1963 1369 2026 artibus

248 2067 414 2148 litterisque
442 2071 585 2131 excultam
616 2072 763 2152 cogitandi
793 2073 961 2134 laenitatem
991 2072 1138 2151 concipit,
1174 2073 1260 2153 longe
1282 2074 1369 2136 aliam

246 2197 312 2240 esse
335 2188 469 2242 naturam
491 2181 696 2256 advertamus,
728 2201 816 2262 quarn
840 2182 1020 2244 notionis
1042 2183 1087 2243 vel
1110 2183 1369 2248 delinitionis

244 2289 288 2350 vel
322 2291 698 2369 comprehensionis
732 2292 774 2354 rei
809 2293 936 2372 alicujus
969 2312 985 2354 a
1018 2295 1169 2355 communi
1200 2306 1230 2356 et
1258 2296 1369 2358 inculta

243 2401 442 2479 plurimorum
464 2401 621 2462 hominurn
645 2411 744 2464 mente
768 2412 937 2482 conceptae.
985 2404 1070 2464 Certe
1093 2405 1264 2485 hujusmodi
1287 2407 1368 2468 notio

246 2529 282 2568 ex
305 2529 348 2585 gr.
373 2519 492 2570 centum
523 2512 704 2572 thalerorum
736 2513 796 2572 sive
825 2514 957 2574 clefinitio
987 2533 1021 2574 ex
1043 2533 1089 2594 gr.
1114 2516 1222 2576 coloris
1244 2516 1368 2595 alicujus

249 2615 477 2694 haudquaquam
507 2617 686 2695 simulatque
716 2620 870 2698 cogitando
900 2625 1020 2703 lingitur
1049 2625 1144 2704 ipsam
1167 2643 1199 2684 re
1230 2643 1294 2686 vera
1318 2645 1367 2686 ex-

250 2723 413 2786 sistentiam
437 2725 579 2801 includit,
614 2727 674 2788 imo
696 2729 796 2808 potius
818 2751 904 2812 saepe
934 2735 976 2796 nil
1000 2735 1058 2796 nisi
1080 2736 1162 2796 notio
1184 2734 1246 2795 sola
1269 2744 1368 2797 mente

248 2835 436 2914 percipienda
468 2855 533 2900 esse
562 2848 670 2917 potest.
716 2841 926 2923 Perceptio
957 2854 1059 2906 contra
1087 2865 1146 2906 non
1170 2845 1266 2906 solnm
1289 2847 1369 2926 cogi·

246 2946 337 3005 tando
358 2947 497 3024 fingitur,
532 2949 584 3010 sed
608 2968 674 3010 vera
696 2952 797 3030 potius
820 2964 865 3015 est
887 2957 1015 3017 essentia
1044 2956 1218 3018 rationis
1240 2957 1368 3036 quaein

244 3062 307 3116 toto
329 3055 450 3134 quidem
473 3076 572 3120 rerum
599 3060 736 3123 universo
759 3065 960 3144 omnibusque
977 3066 1068 3128 rebus
1079 3087 1146 3128 vere
1158 3068 1368 3130 exsistentibus

243 3167 434 3244 conspicitur,
453 3169 547 3230 sedin
561 3180 660 3232 mente
673 3173 793 3234 demum
807 3175 934 3236 hnmana
948 3176 1069 3238 liberam
1083 3177 1310 3257 distinctamque
1322 3179 1368 3239 sui

243 3275 338 3354 ipsius
351 3279 563 3342 conscientiam
576 3284 781 3361 consequitur,
806 3293 835 3346 et
847 3305 939 3364 quum
953 3306 1036 3347 mens
1048 3288 1144 3348 divina
1164 3287 1240 3348 sieut
1259 3288 1369 3366 imper-

243 3386 349 3447 fectius
379 3387 595 3468 obscuriusque
624 3392 654 3452 in
678 3412 777 3454 rerum
808 3401 926 3470 natura,
955 3396 995 3456 ita
1018 3397 1096 3458 clare
1119 3396 1315 3476 distincteque
1337 3399 1367 3460 in

243 3507 344 3558 mente
367 3497 494 3560 humana
526 3519 592 3561 sese
615 3503 784 3565 manifestet
806 3505 892 3584 eique
916 3507 999 3585 quasi
1024 3507 1183 3586 imaginem
1205 3527 1289 3569 snam
1313 3509 1369 3572 irn-

242 3609 362 3686 primat‚
387 3615 536 3688 tamquam
551 3611 647 3672 divina
668 3612 730 3692 ipsa
752 3614 827 3675 ratio
841 3616 980 3678 omnibus
1000 3618 1135 3678 terminis
1146 3617 1233 3699 longe
1246 3621 1367 3683 remotis

242 3717 394 3779 liberrime
425 3722 696 3817 perfectissimeque
727 3744 758 3786 se
788 3726 885 3805 ipsam
914 3729 1050 3808 percipit.
1098 3731 1186 3792 Recte
1208 3753 1298 3812 porro
1319 3733 1367 3794 his

242 3829 347 3907 positis
371 3831 521 3908 sequitur,
557 3815 639 3912 quod
668 3853 729 3894 res
762 3836 909 3898 finitae
942 3840 1309 3920 determinataeque
1338 3851 1368 3904 et

241 3941 453 4018 perceptio
483 3942 589 4002 entis
618 3943 776 4006 infiniti
804 3946 1063 4029 absolutique
1085 3951 1212 4012 maxime
1233 3952 1312 4012 inter
1334 3972 1366 4013 se

241 4048 390 4111 differant.
436 4052 506 4114 lllae
539 4055 665 4116 maxima
699 4076 734 4116 ex
767 4066 851 4136 parte
880 4061 1062 4140 perceptioni
1094 4081 1165 4122 suae
1193 4062 1238 4122 vel
1267 4062 1366 4140 potius

242 4161 423 4239 perceptioni
446 4163 600 4226 absolutae
623 4185 810 4246 nequaquam
834 4172 1030 4249 respondent,
1055 4172 1135 4232 unde
1158 4173 1206 4245 sn,
1232 4179 1266 4232 ut
1286 4173 1365 4250 quod

241 4269 347 4330 attinet
369 4273 403 4332 ad
428 4273 576 4354 ejusmodi
598 4293 646 4336 res
669 4279 821 4357 perceptio
845 4287 874 4340 et
896 4299 961 4340 esse
984 4281 1098 4342 diversa
1121 4280 1181 4340 sint
1196 4299 1292 4360 neque
1308 4281 1365 4342 hoc

241 4397 276 4439 ex
310 4379 361 4441 illo
395 4383 521 4444 derivari
555 4393 653 4464 queat.
712 4387 921 4468 Perceptio
953 4397 1052 4452 autem
1086 4390 1269 4452 absoluta
1304 4390 1364 4452 sive
