3236 5076
625 459 948 529 „21—

222 664 311 725 quam
333 643 441 706 laisum
463 643 503 706 sit
524 641 582 706 llda
604 648 634 704 ct
655 639 837 708 conscientia
859 647 908 702 tua
931 657 987 720 pro
1009 637 1182 704 firmissimo
1205 646 1275 702 utor
1295 657 1344 729 ar·

223 762 374 835 grumento.
410 750 629 826 Proenldubio,
654 750 847 830 quidquid
868 749 1020 812 alicubi
1042 757 1107 810 aut
1128 748 1343 828 aliquando

224 871 396 937 nonest,
431 863 547 924 etiamsi
580 869 626 924 est
658 860 769 924 alicubi
803 871 855 924 aut
883 860 1044 940 aliqnando
1077 867 1212 939 potest
1243 869 1342 922 tamen

224 972 395 1054 cogitari
427 989 627 1050 nunqnam
660 978 697 1030 et
729 987 919 1048 nusquam
952 987 1057 1042 esse,
1093 968 1173 1030 sicut
1203 987 1265 1030 non
1298 975 1345 1030 est

223 1082 333 1145 alicubi
354 1089 406 1143 aut
427 1081 596 1160 aliquando.
643 1080 715 1142 Nam
746 1078 824 1158 qnod
855 1078 919 1140 heri
949 1097 1009 1140 non
1039 1078 1096 1140 luit
1117 1085 1147 1140 et
1174 1077 1263 1140 hodie
1286 1085 1341 1152 est,

223 1192 300 1254 sicut
320 1191 384 1252 lieri
407 1210 466 1254 non
489 1190 581 1252 luisse
610 1189 785 1268 intelligitur
806 1189 845 1250 ita
876 1207 1029 1268 nunquam
1059 1206 1125 1250 esse
1158 1187 1341 1268 subintelligi

223 1309 328 1383 potest,
353 1309 382 1364 et
402 1301 483 1381 quod
505 1299 555 1362 hic
576 1318 637 1364 non
660 1307 706 1360 est
728 1306 757 1360 ct
777 1297 848 1362 alibi
872 1306 931 1373 est,
955 1298 1033 1360 sicut
1054 1315 1114 1358 non
1137 1305 1183 1360 cst
1204 1297 1272 1372 hic,
1303 1296 1343 1360 ita

222 1419 320 1492 potest
341 1410 465 1490 intelligi
494 1428 640 1490 nusquam
670 1427 746 1470 esse.
792 1407 937 1470 Similiter
966 1407 1081 1488 cujus
1103 1415 1238 1487 partes
1260 1406 1344 1470 sin-

222 1521 334 1602 gulae
363 1539 438 1582 non
471 1527 563 1582 sunt
591 1519 657 1580 ubi
685 1526 751 1580 aut
780 1517 931 1597 quando
960 1524 1054 1580 sunt
1081 1517 1184 1578 aliae
1212 1525 1344 1597 partes
1426 1557 1429 1563 -

223 1631 328 1711 eius,
363 1649 495 1692 omnes
525 1637 662 1708 partes
691 1636 729 1690 et
758 1628 846 1688 ideo
876 1627 1149 1712 ipsumtotum
1173 1633 1345 1705 possunt

184 1823 185 1826 Ἴ
223 1739 394 1818 cogitari
417 1757 617 1818 nunquam
639 1745 675 1798 et
705 1755 891 1814 nusquam
913 1753 1011 1796 0000.
1057 1737 1092 1796 lt
1113 1754 1193 1813 qno
1216 1735 1344 1814 majus

224 1847 395 1926 eogitari
428 1846 584 1925 nequit,
631 1847 663 1908 si
696 1854 756 1908 est
790 1864 864 1907 non
897 1851 1028 1924 potest
1061 1844 1235 1923 cogitari
1268 1862 1343 1904 non

225 1974 328 2029 csse,
359 1955 490 2036 alioquin
512 1956 546 2016 si
568 1963 628 2018 est
649 1975 723 2018 non
747 1964 805 2018 est
827 1974 899 2035 quo
922 1953 1046 2034 majus
1067 1953 1243 2034 cogitari
1266 1972 1341 2016 non

225 2073 371 2146 potest,
406 2067 484 2145 qnod
509 2085 568 2128 non
591 2067 737 2128 convenit.
783 2066 842 2128 Sed
864 2065 922 2128 tale
945 2073 999 2141 est,
1024 2064 1142 2144 inquis,
1171 2063 1254 2126 acsi
1276 2063 1344 2144 quis

224 2175 351 2238 insulam
381 2175 483 2238 oceani
513 2195 617 2237 omnes
646 2184 740 2238 terras
769 2195 822 2240 sna
857 2175 1007 2238 fertilitate
1037 2174 1222 2248 vincentem,
1268 2191 1344 2252 quae
1405 2249 1407 2256 Ι

224 2285 397 2348 difficultate
424 2286 485 2348 imo
513 2285 753 2367 impossibilitate
783 2285 952 2348 inveniendi
976 2285 1056 2365 quod
1079 2303 1139 2348 non
1162 2292 1208 2346 est
1230 2283 1344 2364 perdita

151 2449 154 2455 Α
224 2397 413 2470 nominatur,
448 2396 526 2460 dicat
558 2396 670 2458 idcirco
701 2415 761 2458 non
791 2415 880 2475 posse
909 2395 1039 2458 dubitari
1066 2415 1134 2456 vere
1158 2375 1342 2468 tesceiam,

224 2506 293 2586 quia
316 2506 413 2568 verbis
435 2506 613 2585 descriptam
636 2505 722 2567 facile
743 2506 812 2584 quis
833 2505 981 2584 intelligit.
1014 2505 1122 2568 Fidens
1133 2506 1249 2585 loquor,
1273 2502 1344 2582 quia

225 2615 251 2676 01
264 2615 490 2692 quisinvenerit
504 2614 578 2676 mihi
600 2613 753 2693 aliquid
776 2621 828 2674 aut
850 2632 890 2674 re
911 2614 997 2692 ipsa
1020 2621 1072 2674 aut
1093 2614 1345 2692 cogitatione

227 2723 445 2797 exsistens}
480 2730 640 2802 practer
662 2741 736 2801 quc
759 2721 881 2804 majus
904 2721 1072 2802 cogitari
1096 2739 1170 2784 non
1192 2720 1342 2800 possit,

226 2831 289 2894 cui
318 2839 454 2911 aptare
479 2832 608 2894 valeat
637 2831 922 2894 connexionem
952 2831 1071 2912 liujus
1100 2849 1205 2894 meae
1226 2849 1345 2910 argu·

225 2941 502 3016 montenonis,
536 2941 736 3006 inveniam
770 2949 807 3004 et
838 2941 937 3004 daho
966 2941 1031 3002 illi
1061 2941 1261 3020 perditam
1284 2943 1346 3002 in·

224 3052 349 3114 sulam
376 3051 548 3130 amplius
575 3070 650 3114 non
680 3051 930 3131 perdendam,
976 3051 1075 3114 Palam
1097 3034 1196 3112 antem
1216 3050 1280 3132 jam
1302 3049 1344 3112 vi-

224 3163 327 3236 detur,
362 3179 435 3240 quo
457 3179 531 3222 non
562 3161 665 3222 valet
687 3161 859 3240 cogitari
889 3160 1016 3240 majus
1043 3179 1118 3222 non
1140 3179 1258 3240 posse
1279 3179 1345 3222 co·

223 3271 344 3350 gitari
373 3289 445 3332 non
477 3289 582 3345 esse,
618 3271 697 3349 quod
728 3279 787 3332 tam
818 3279 897 3332 certa
927 3271 1043 3332 ratione
1062 3270 1194 3332 veritatis
1217 3269 1342 3340 exsistit,

224 3381 310 3442 aliter
334 3379 415 3440 enim
444 3379 613 3442 nullatenus
641 3379 806 3440 exsisteret.
852 3380 958 3442 Omnia
988 3387 1115 3459 possunt
1135 3377 1258 3459 cogitari
1280 3398 1342 3442 non

224 3507 290 3550 esse
312 3495 430 3568 praeter
451 3487 482 3548 id
504 3487 583 3567 qnod
606 3507 722 3552 summe
743 3497 799 3550 est.
837 3489 911 3552 llla
933 3490 1043 3569 quippe
1063 3490 1193 3572 omnia
1216 3497 1246 3552 et
1267 3489 1342 3552 sola

225 3605 392 3678 possunt
415 3597 588 3677 cogitari
612 3617 686 3660 non
709 3617 813 3674 0000,
848 3587 1103 3679 quaeinitium
1126 3601 1341 3675 acclinem,

224 3714 277 3768 eut
307 3707 476 3786 partium
509 3707 621 3770 habent
652 3707 981 3787 conjunctionem
1015 3717 1045 3772 et
1078 3709 1156 3774 sicut
1184 3709 1248 3790 jam
1281 3708 1342 3775 dixi

224 3815 417 3896 quidquid
457 3816 609 3880 alicubi
648 3826 712 3879 aut
743 3817 957 3898 aliquando
1000 3827 1122 3881 totum
1155 3839 1229 3883 non
1270 3827 1341 3882 ost

223 3926 324 3988 lllud
347 3944 417 3988 vero
449 3926 573 3988 solum
602 3945 677 3990 non
706 3935 840 4007 potest
868 3929 1040 4010 cogitari
1072 3948 1276 4002 nonense,
1307 3929 1342 4000 jn

222 4055 282 4116 qno
304 4055 360 4098 uec
388 4036 549 4100 initium
579 4057 636 4100 nec
657 4037 776 4100 linem
799 4057 856 4100 neo
884 4039 1055 4118 partium
1085 4038 1343 4119 conjunctio-

223 4163 304 4208 nem
327 4147 458 4226 etquod
491 4165 566 4208 non
598 4147 672 4210 nisi
706 4166 861 4228 semper
891 4157 928 4210 et
957 4149 1104 4228 ubique
1135 4157 1259 4212 totum
1282 4148 1341 4212 ulla

223 4255 334 4316 invenit
365 4257 450 4318 ratio.
497 4257 529 4318 Si
558 4257 625 4337 quis
654 4257 699 4320 sic
728 4257 891 4338 distinguat
912 4259 1074 4338 intelliget,
1099 4259 1174 4322 nihil
1196 4259 1339 4339 quamdiu

223 4383 288 4426 esse
315 4365 410 4431 scitur
439 4386 526 4446 posse
553 4366 675 4448 rugilam
705 4387 765 4430 non
787 4387 854 4432 esse
884 4376 914 4435 et
936 4368 1082 4448 quidquid
1104 4376 1150 4434 cst
1171 4376 1288 4457 praeter
1309 4367 1340 4430 id
