3236 5076
746 577 829 584 w.
884 548 917 600 qv
969 577 1052 586 .-.

338 722 526 819 oppositum
547 745 620 794 esse
639 729 763 819 putant,
779 745 878 818 quum
898 721 979 792 ratio
1001 729 1112 792 contra
1134 731 1165 792 et
1179 721 1260 793 fides
1274 720 1454 792 arctissimo

337 841 421 911 iuter
447 865 482 910 se
510 839 701 912 concordiae
721 839 848 910 vinculo
870 839 978 911 unitae
999 839 1040 910 ad
1066 863 1229 910 summum
1250 839 1456 936 perfectionis

337 959 472 1053 gradum
499 969 535 1030 ut
567 959 661 1030 nobis
695 983 773 1030 sane
800 984 992 1056 persuasum
1027 969 1076 1030 est
1102 959 1251 1030 homines
1278 959 1453 1029 adducant!

336 1075 446 1173 ltaque
469 1101 540 1166 nos,
562 1078 656 1149 ulad
677 1079 781 1175 ipsam
802 1103 871 1150 rem
891 1079 1024 1176 propius
1044 1078 1246 1166 accedamus,
1268 1077 1328 1148 hac
1346 1087 1455 1149 nostra

335 1196 559 1267 dissertatione
585 1196 617 1267 id
644 1197 780 1291 egimus,
810 1207 844 1268 ut
870 1222 978 1270 veram
992 1198 1050 1268 Dei
1078 1197 1295 1269 exsistentiam
1319 1197 1456 1268 demon-

335 1315 490 1386 stratione
504 1315 609 1412 aliqua
623 1316 830 1420 intelligendo
843 1317 965 1416 percipi
979 1317 1340 1417 posseostenderemus.
1362 1315 1455 1401 Quod

335 1459 373 1504 ex
399 1434 457 1522 iis,
485 1457 567 1530 quae
594 1433 635 1504 ad
655 1435 713 1506 Dei
737 1436 956 1506 exsistentiam
981 1434 1182 1532 probandam
1208 1459 1226 1505 a
1253 1434 1454 1532 philosophis

335 1552 559 1650 theologisque
580 1553 765 1650 propositae
787 1562 861 1624 sunt
875 1553 1203 1625 demonstrationibus
1218 1551 1455 1649 cutolopz'cum

334 1680 560 1764 argumentum
587 1671 743 1767 elegimus
770 1671 831 1744 hac
859 1681 950 1744 erant
977 1696 1111 1764 causae:
1138 1671 1279 1770 primurn
1300 1673 1374 1768 quia
1391 1671 1453 1744 ho'c

335 1799 560 1884 argumentum
586 1790 658 1886 ips'a
684 1791 826 1864 numinis
853 1791 951 1864 divini
974 1791 1046 1863 idea
1073 1792 1189 1864 rationi
1210 1799 1339 1864 nostrae
1360 1791 1452 1864 insita

334 1909 425 2003 quasi
452 1907 609 2004 principio
637 1933 697 1978 suo
724 1910 841 1998 utitur,
883 1919 949 1982 lum
985 1909 1060 2005 quia
1086 1911 1148 1982 hac
1181 1910 1453 1982 demonstratione

334 2024 500 2122 proposita
528 2031 560 2093 et
585 2021 619 2092 in
646 2045 720 2092 eum
747 2047 844 2117 quem
863 2048 923 2094 nos
945 2025 1149 2098 adhibuimus
1169 2028 1302 2098 modum
1323 2029 1454 2100 oculor-

332 2151 436 2229 mata‚
465 2165 531 2212 non
558 2139 664 2210 solum
691 2140 796 2212 Deum
823 2164 858 2210 re
884 2165 959 2210 vera
986 2143 1140 2212 exsistere
1168 2144 1224 2212 sed
1254 2145 1350 2214 etiam
1376 2171 1453 2240 per·

332 2261 542 2332 lectissimam
569 2267 711 2330 mentem
738 2259 788 2330 sui
815 2258 916 2355 ipsius
944 2259 1124 2346 consciam,
1160 2259 1226 2330 sive
1254 2260 1340 2354 quod
1367 2262 1453 2334 idem

332 2379 492 2474 siguificat
510 2400 684 2474 personam
703 2401 776 2448 esse
797 2375 927 2474 probari
948 2375 1042 2446 nobis
1056 2376 1191 2450 videtur.
1220 2377 1330 2448 Priore
1344 2386 1451 2448 autem

331 2498 565 2570 dissertationis
582 2506 720 2570 vnostrae
745 2506 836 2594 parte
864 2481 1003 2567 brevem
1030 2493 1229 2591 outoloqr'ot‘
1251 2494 1456 2590 aequinocti

330 2615 521 2690 tertuum
555 2641 572 2688 e
601 2616 743 2688 lontibus
776 2616 925 2688 haustam
959 2613 1180 2702 exhibuimus,
1221 2623 1257 2685 ut
1289 2611 1450 2708 quomodo

330 2737 414 2808 hanc
435 2737 539 2833 ipsam
555 2736 863 2807 demonstrationem
885 2734 959 2806 inde
977 2731 1055 2828 jam‘
1066 2732 1106 2804 ab
1120 2731 1353 2829 antiquissimis
1367 2739 1451 2800 tem-

330 2851 463 2950 poribus
491 2853 665 2948 sapientes
680 2847 751 2922 viri·
764 2853 993 2949 proposuerint
1019 2861 1051 2922 et
1071 2852 1281 2946 sagacissime
1307 2848 1451 2945 prolecto

331 2971 529 3042 excoluerint
550 2976 777 3064 cognoscatur„
809 2969 924 3062 jhltera
951 2968 1067 3040 deinde
1093 2966 1189 3059 hujus
1218 2965 1451 3066 dissertationis

330 3097 420 3188 parte
439 3115 565 3160 novom
586 3087 793 3183 orqomoute'
811 3083 1011 3182 outoloqc'cr’
1030 3085 1183 3180 sormam
1209 3085 1450 3182 proposuimus

330 3234 413 3307 aquae
452 3207 598 3306 quamvis
639 3205 889 3302 haudquaquam
923 3203 1074 3276 omnibus
1120 3203 1277 3274 numeris*
1309 3203 1451 3299 perfecta

330 3330 372 3400 sit
397 3329 514 3401 idonea
541 3335 649 3398 tamen
677 3348 750 3396 csse
776 3323 871 3397 uobis
899 3322 1081 3414 videbalur5
1117 3345 1179 3418 qua
1207 3344 1280 3392 vera
1307 3319 1366 3390 Dei
1394 3344 1451 3390 ex-

330 3447 476 3518 sistentia
503 3471 600 3542 quam
633 3444 697 3516 fide
726 3454 871 3516 tenemus
903 3442 1036 3515 rationis
1064 3424 1193 3538 quoque
1227 3439 1343 3510 auxilio
1371 3463 1451 3509 con-

330 3565 450 3654 firmari
487 3564 602 3660 possit.
656 3563 727 3632 lam
761 3586 836 3632 vero
871 3571 1029 3656 quatenus
1068 3557 1271 3653 propositum
1304 3565 1450 3628 nostrum

330 3682 437 3778 adepti
465 3682 585 3768 simus,
626 3680 688 3750 hoc
723 3680 863 3748 virorum
897 3677 1071 3744 doctorum
1094 3671 1216 3765 judicio
1251 3671 1450 3746 committere

329 3800 486 3890 debemus
513 3821 619 3894 neque
647 3796 733 3866 aliud
755 3792 929 3889 quidquam
956 3814 1054 3885 quum
1081 3789 1165 3862 hanc
1192 3793 1447 3864 dissertationem

329 3920 362 3990 in
388 3917 553 4014 publicum
582 3915 698 3986 edituri
714 3935 837 3984 sumus
865 3917 1031 4006 optamus,
1068 3935 1163 4008 quam
1197 3921 1232 3982 ut
1258 3909 1368 4002 aequis
1392 3904 1448 3997 ju-

331 4036 459 4108 dicibus
486 4058 552 4106 non
578 4057 713 4131 prorsus
741 4029 918 4126 displiceat.

431 4185 641 4261 Sore'dedurn
667 4189 823 4257 Bremoe
848 4209 966 4254 merrae
992 4180 1128 4282 Aprili

584 4306 659 4378 anni
686 4303 910 4378 lllllCCCLVl.

1139 4425 1194 4500 A.
1221 4423 1392 4500 walto.
