3236 5076
619 473 941 542 *27*-

219 653 404 718 Subtilitates
433 653 545 715 scilicet
568 653 773 734 theologorum
797 655 1059 734 scholasticorum,
1088 657 1198 738 quihus
1219 655 1287 721 ve‘ra
1307 669 1339 722 et

218 763 346 826 salvifica
379 764 453 824 fides
486 782 547 824 uon
581 771 647 844 eget
679 763 863 844 effugiendae
903 775 984 828 sunt.
1036 769 1176 830 Doctrina
1209 787 1338 849 namque

219 873 360 935 ecclesiae
383 893 444 935 non
466 893 501 934 ex
524 874 827 936 demonstrationibus
849 876 978 938 sumitur
999 878 1051 938 sed
1074 897 1110 939 ex
1131 878 1237 954 dictis,
1261 897 1337 959 quae
1399 961 1400 965 Ἰ

218 983 297 1046 Dens
326 985 415 1046 certis
444 993 474 1046 et
502 985 669 1047 illustribus
699 983 876 1048 testimoniis
910 988 1033 1050 tradidit
1061 990 1162 1069 generi
1193 990 1334 1065 humano,

217 1113 271 1174 per
291 1114 366 1176 qnae
399 1095 543 1156 immensa
574 1095 704 1157 bonitate
738 1113 771 1157 se
800 1103 830 1158 et
858 1113 944 1158 snam
975 1098 1157 1160 voluntatem
1187 1099 1334 1179 patefecit.

216 1203 282 1266 Non
304 1205 388 1284 quasi
411 1205 490 1266 Deus
513 1205 635 1266 omnino
646 1203 820 1267 bominibus
832 1206 1142 1286 incomprehensibilis
1155 1216 1242 1272 esset.
1278 1208 1337 1270 Sed

97 1323 106 1338 ‘
216 1324 372 1394 postquam
403 1333 487 1376 mens
516 1317 688 1376 confirmata
718 1323 765 1376 est
785 1333 853 1377 vera
875 1323 905 1377 et
933 1325 1012 1378 recta
1035 1317 1180 1380 sententia
1203 1318 1240 1378 de
1263 1316 1334 1394 lieo,

215 1431 287 1485 tnnc
309 1425 396 1486 etiam
427 1425 500 1486 utile
522 1434 552 1486 et
569 1424 737 1505 jucundum
766 1426 824 1487 erit
845 1426 978 1506 aspicere
1006 1427 1157 1507 opificium
1180 1427 1285 1490 mnndi
1307 1435 1337 1490 et

148 1523 153 1528 ’
214 1533 247 1594 in
269 1553 304 1595 eo
326 1535 447 1614 vestigia
470 1533 522 1596 liei
546 1553 689 1614 quaerere
711 1543 741 1597 et
770 1533 1037 1598 demonstrationes
1068 1537 1225 1618 colligere,
1260 1555 1336 1618 quae

215 1651 380 1718 testantur,
431 1642 512 1704 bunc
539 1645 685 1706 mundum
708 1661 767 1704 uon
797 1644 944 1705 exstitisse
971 1663 1039 1706 casn
1068 1663 1124 1707 neo
1148 1645 1222 1708 volvi
1252 1665 1333 1722 casu,

215 1752 267 1812 sed
294 1771 361 1812 esse
390 1752 503 1828 Deum,
538 1761 668 1812 mantem
697 1762 846 1814 aeternam
881 1753 1075 1815 conditricem
1104 1773 1224 1831 rerum;
1269 1756 1335 1818 ideo

216 1859 296 1920 enim
319 1868 379 1920 tota
403 1869 506 1922 natura
531 1861 648 1922 condita
671 1869 731 1936 est,
756 1870 789 1922 ut
813 1861 906 1923 licum
929 1870 1084 1926 monstret.
1130 1863 1262 1935 Quarum
1284 1865 1335 1926 de·

216 1969 463 2032 monstrationem
485 1969 604 2050 plnres,
639 1989 715 2050 quae
743 1971 781 2032 ad
810 1980 1017 2052 argumentum
1046 1973 1279 2054 cosmologieum
1305 1983 1335 2037 et

214 2077 535 2159 physicotbeologlonm
565 2081 730 2160 respiciunt
758 2081 822 2162 ipse
850 2090 952 2162 postea
982 2084 1131 2164 proponit.
1184 2083 1223 2146 Et
1249 2085 1335 2146 Cal·

139 2197 141 2201 ’
213 2187 327 2250 vinus
353 2207 415 2250 non
437 2198 568 2250 mentem
590 2190 751 2252 humanam
778 2192 905 2253 naturali
928 2192 1071 2255 instinctu
1094 2193 1216 2254 omnino
1239 2194 1334 2256 lleum

213 2316 392 2378 cognoscere
414 2319 520 2380 posse,
545 2301 597 2363 sed
620 2321 685 2363 eam
708 2303 906 2382 cognitionem
928 2304 1124 2366 sufficientem
1147 2323 1213 2366 esse
1235 2303 1331 2385 negat

212 2406 265 2468 Dei
277 2408 422 2484 notitiam,
447 2410 552 2490 inquit,
577 2411 721 2492 intelligo,
740 2431 796 2493 qua
810 2431 870 2474 non
883 2413 972 2474 modo
984 2413 1184 2494 concipimus,
1203 2413 1333 2495 aliquem

212 2535 279 2578 esse
302 2517 414 2593 neum,
438 2520 491 2579 sed
514 2520 602 2580 etiam
624 2529 761 2582 tenemus
784 2522 864 2599 qnod
887 2523 924 2582 de
946 2541 981 2583 eo
1003 2523 1081 2584 scire
1106 2531 1208 2585 nostra
1229 2525 1330 2586 refert.

211 2627 341 2705 Frigidis
362 2635 477 2688 tantum
500 2629 752 2708 speculationibus
775 2629 893 2705 ludunt,
918 2631 1028 2709 quibus
1044 2632 1075 2692 in
1091 2633 1148 2693 bac
1159 2633 1332 2712 quaestione

212 2735 352 2797 insistere
373 2737 558 2816 propositum
581 2745 642 2814 est,
678 2740 750 2819 qnid
773 2740 810 2801 sit
834 2740 928 2814 Deus,
964 2759 1056 2822 quum
1086 2742 1202 2803 intersit
1230 2751 1331 2804 nostra

210 2845 322 2926 potins,
347 2847 443 2927 qualis
466 2849 504 2910 sit
526 2849 646 2929 etquid
670 2849 735 2930 ejus
757 2859 880 2912 naturae
902 2851 1056 2914 conveniat
1078 2852 1155 2914 sciro
1169 2849 1209 2927 ²).
1250 2851 1332 2914 lianc

210 2956 387 3018 sententiam
418 2958 599 3038 posteriores
629 2959 760 3040 theologi
789 2960 829 3022 ita
859 2960 1094 3042 restringebant,
1130 2973 1164 3024 nt
1196 2961 1330 3042 quamvis

209 3067 374 3128 naturalem
397 3065 450 3128 uei
484 3069 684 3149 cognitionem
719 3089 779 3132 non
812 3071 915 3150 utique
948 3081 1091 3152 negarent
1120 3073 1181 3134 imo
1211 3073 1330 3152 saepius

209 3185 382 3256 argumenta
419 3195 473 3257 pro
504 3178 557 3240 uei
587 3180 757 3241 exsistentia
787 3190 1005 3260 proponerent,
1040 3183 1184 3242 rationem
1217 3191 1327 3256 mmor,

209 3283 310 3346 lumen
342 3294 464 3348 naturae
494 3287 679 3348 obcaecatam
703 3287 822 3367 penitus
850 3307 916 3350 esse
945 3307 1043 3369 neque
1065 3309 1101 3351 ex
1123 3308 1155 3350 se
1178 3291 1240 3370 ipsa
1265 3309 1329 3351 eam

209 3390 262 3454 liei
285 3395 494 3473 cognitionem,
519 3414 594 3474 quae
616 3405 753 3458 aeternae
771 3397 875 3458 salutis
893 3398 1053 3478 participes
1072 3399 1207 3460 homines
1226 3399 1329 3461 reddat

209 3501 333 3583 adipisci
355 3522 444 3582 posse
466 3504 666 3566 aestimarent.

292 3612 389 3674 Altera
417 3622 513 3674 tamen
544 3633 579 3676 ex
600 3623 683 3694 parte
705 3623 805 3677 nostra
832 3616 955 3678 ecclesia
979 3635 1119 3698 magnum
1142 3629 1327 3682 momentum

207 3722 244 3784 ad
274 3722 432 3786 excolenda
461 3724 511 3785 illa
540 3743 595 3804 pro
618 3725 670 3786 hei
694 3725 864 3788 exsistentia
887 3736 1059 3806 argumenta
1082 3728 1197 3804 attulit,
1233 3749 1326 3810 quum

206 3833 424 3913 philosophiam
455 3853 470 3895 a
501 3834 707 3915 dogmatorum
737 3836 1003 3900 ecclesiasticorum
1033 3837 1159 3900 vinculis
1188 3837 1328 3902 liberaret

206 3951 236 4004 et
254 3944 433 4023 procedendi
453 3944 518 4005 sine
537 3945 598 4006 ullo
615 3946 830 4026 impedimento
845 3947 1012 4010 facultatem
1029 3949 1055 4010 ei
1068 3948 1161 4010 daret.
1192 3950 1326 4032 Namque

205 4053 376 4134 philosophi
400 4053 567 4116 scholastici
590 4055 621 4116 id
643 4075 735 4118 unum
764 4057 821 4119 sibi
844 4057 992 4138 reliquum
1016 4077 1081 4120 esse
1102 4059 1258 4134 videbant,
1294 4070 1327 4122 ut

206 4161 254 4224 illa
278 4165 414 4244 dogmata
444 4183 519 4242 quae
546 4164 684 4227 fidelibus
713 4166 750 4228 ab
780 4167 902 4228 ecclesia
930 4168 1076 4230 credenda
1099 4169 1205 4230 tradita
1229 4178 1323 4246 erant,

273 4399 302 4464 2)
321 4399 353 4451 cl.
375 4397 521 4450 Caluini:
551 4397 677 4451 Institutio
695 4399 847 4453 christianae
865 4402 995 4467 religionis
1013 4402 1056 4454 lib.
1077 4401 1087 4456 l
1106 4419 1160 4471 cap.
1181 4401 1202 4456 ll
1221 4408 1244 4456 l.
