3260 5058
704 431 1025 498 ...ῃ--

303 609 440 672 absolute
458 609 635 672 necessaria.
671 609 750 672 Fluit
768 611 846 672 enim
866 629 902 671 ex
921 610 1049 672 essentia
1066 609 1162 673 divina
1179 627 1232 688 per
1247 607 1426 689 propositio·

304 739 373 782 uem
384 727 582 800 praesentem.
615 719 698 792 Quae
715 739 785 782 vero
801 739 835 782 ex
848 721 974 782 essentia
987 720 1084 781 fluunt
1095 726 1166 779 sunt
1176 717 1312 778 absolute
1324 736 1425 778 neces·

303 829 389 895 saria.
425 830 519 908 mque
541 828 615 890 adeo
638 829 800 890 necessitas
822 829 1010 890 exsistentiae
1032 847 1085 908 per
1107 827 1267 888 essentiam
1287 827 1422 888 insertur.

391 939 465 1000 Huic
480 938 724 1016 demonstrationi
742 937 929 1018 adjungenda
947 938 1033 999 nobis
1050 945 1095 998 est
1111 937 1212 1010 altera,
1237 955 1325 1016 qnam
1346 936 1425 996 idem

303 1050 348 1112 vir
380 1049 571 1110 doctissimus
612 1049 658 1110 his
692 1050 754 1110 iere
793 1048 890 1110 verbis
929 1047 1069 1128 proponit
1083 1045 1122 1123 ³).
1179 1045 1355 1107 Realitas
1388 1045 1425 1104 in

303 1159 424 1240 gradu
447 1159 631 1220 absolute
653 1177 799 1220 summo
821 1157 1035 1238 possibilis
1057 1165 1121 1218 est.
1147 1156 1294 1228 Quoniam
1308 1155 1425 1216 realitas

304 1275 349 1328 est
379 1267 525 1346 quidquid
563 1267 623 1328 enti
661 1267 749 1328 alicui
779 1286 847 1327 vere
877 1267 954 1328 inest
983 1271 1016 1341 (9
1039 1263 1091 1342 5),
1127 1284 1180 1326 eus
1209 1277 1307 1326 autem
1338 1283 1426 1326 omne

303 1375 445 1456 possibile
478 1383 524 1437 est
556 1380 589 1451 (9
615 1372 692 1451 135,
718 1372 780 1438 136
802 1377 918 1450 ttntol.)
949 1375 1112 1436 realitatem
1148 1393 1266 1436 omnem
1296 1374 1326 1434 in
1358 1375 1426 1436 dato

304 1485 433 1566 quodam
456 1486 561 1564 gradu,
586 1493 636 1546 aut
658 1485 684 1546 si
708 1485 799 1546 mavis
813 1485 947 1564 praeciso
963 1485 1055 1564 gradu
1073 1491 1232 1564 spectatam
1252 1483 1426 1562 possibilem

304 1613 370 1658 esse
392 1602 482 1674 patet.
527 1595 592 1656 tam
615 1595 724 1674 gradus
754 1613 890 1656 summus
919 1594 1060 1656 realitatis
1083 1611 1202 1654 omnem
1226 1593 1354 1653 excindit
1376 1593 1427 1652 de·

304 1705 414 1766 tectum
446 1709 478 1780 (§
503 1701 557 1780 11)
587 1695 720 1784 adeoque
749 1704 824 1766 nihii
847 1705 882 1764 ad
906 1703 1029 1765 eandem
1053 1702 1330 1782 quomodocumque
1358 1721 1427 1782 por·

304 1814 403 1876 tineus
426 1813 462 1874 de
485 1831 518 1874 ca
542 1813 643 1892 negari
666 1821 771 1893 potest.
807 1813 993 1891 Impossibile
1010 1811 1166 1891 igiturest,
1193 1820 1224 1871 ut
1240 1811 1277 1872 dc
1295 1811 1426 1872 realitate

305 1923 336 1984 in
370 1923 464 2002 gradu
493 1922 629 1984 absolute
659 1942 777 1984 summo
806 1923 885 1982 idem
916 1929 945 1983 et
971 1921 1111 1982 affirmari
1135 1933 1164 1982 et
1186 1920 1286 2000 negari
1310 1920 1423 1981 debeat.

306 2031 453 2105 Quoniam
493 2031 688 2092 contradictio
728 2031 758 2091 in
789 2031 965 2092 simultanea
1000 2030 1133 2110 ejusdem
1166 2029 1365 2090 affirmatione
1398 2037 1426 2090 et

306 2139 462 2220 negatione
485 2139 622 2201 consistit
644 2143 677 2214 (§
700 2137 741 2202 30
764 2140 899 2216 Ontol.)‚
930 2140 1093 2200 realitatem
1125 2138 1154 2200 in
1179 2124 1272 2218 gradu
1294 2139 1423 2200 absolute

306 2267 424 2310 summo
444 2256 603 2330 spectatam
624 2248 736 2310 nullam
755 2248 904 2308 involvere
921 2266 1010 2328 posse
1029 2248 1292 2308 contradictionem
1308 2249 1426 2309 evidens

307 2367 362 2420 est.
416 2357 501 2428 Quod
532 2357 645 2417 nullam
669 2357 790 2418 involvit
811 2357 1074 2418 contradictionem
1097 2356 1240 2436 possibile
1262 2365 1308 2418 est
1330 2361 1361 2432 (9
1384 2352 1426 2416 85

308 2465 435 2542 Ontol.),
466 2466 585 2528 realitas
614 2465 705 2546 igitur
726 2466 757 2528 in
780 2465 873 2546 gradu
896 2466 1031 2527 absolute
1053 2484 1171 2526 summo
1195 2473 1239 2526 est
1262 2463 1423 2544 possibilis.

306 2577 382 2638 Ens
401 2575 739 2656 perfectissimum
758 2575 957 2656 possibile
976 2583 1045 2636 est.
1081 2573 1305 2636 Demonstratur
1324 2573 1425 2634 eodem

306 2705 430 2766 prorsus
460 2686 548 2746 modo
577 2705 637 2766 quo
666 2686 831 2766 propositio
861 2686 1052 2765 praecedens.
1104 2685 1251 2746 Nimirum
1282 2703 1335 2745 ens
1361 2702 1427 2763 per-

307 2797 502 2858 tectissimum
526 2795 657 2856 continet
679 2815 783 2856 omnes
806 2795 953 2856 realitatcs
976 2795 1007 2856 in
1030 2814 1061 2855 se
1078 2781 1303 2874 compossibites
1327 2799 1358 2870 (9
1379 2789 1425 2868 6).

307 2905 455 2978 Quoniam
478 2905 577 2984 itaque
604 2905 830 2984 compossihites
853 2912 940 2978 sunt,
976 2923 1052 2984 quae
1083 2923 1141 2964 uno
1172 2905 1327 2982 eidemque
1357 2901 1428 2964 sub-

304 3014 385 3093 jecto
418 3013 518 3074 inesse
551 3023 678 3093 possunt
700 3017 733 3089 (§
759 3013 809 3090 1),
844 3013 925 3074 nutla
950 3013 1067 3073 realitas
1102 3014 1138 3073 de
1174 3019 1242 3072 ente
1276 3013 1428 3092 perfectis-

307 3123 383 3184 simo
414 3123 481 3184 ideo
511 3123 643 3202 neganda
673 3123 769 3196 venit,
805 3123 884 3203 quod
911 3123 1003 3184 attera
1033 3121 1132 3182 inesse
1154 3122 1293 3200 ponitur;
1324 3139 1428 3182 conse-

307 3240 433 3314 quenter
460 3251 552 3312 quum
582 3232 612 3294 in
643 3232 819 3294 simultanea
841 3231 1037 3294 affirmatione
1063 3239 1093 3294 ct
1115 3231 1271 3312 negatione
1294 3231 1427 3310 ejusdem

307 3341 501 3404 contradictio
536 3342 656 3403 exsistat
689 3347 722 3418 (9
752 3338 793 3404 30
827 3341 945 3418 Ontol.)
986 3342 1067 3402 notio
1105 3341 1182 3402 eutis
1215 3339 1428 3420 perfectissimi

308 3453 405 3532 quoad
446 3451 594 3515 realitates
631 3451 806 3512 exsistentes
848 3451 960 3512 nullam
997 3450 1261 3512 contradictionem
1295 3448 1426 3513 invoivit.

308 3561 414 3648 Insunt
450 3569 550 3620 autem
580 3541 728 3620 realitates
761 3560 821 3620 enti
855 3559 1072 3639 perfectissimo
1105 3559 1136 3620 in
1170 3561 1262 3640 gradu
1295 3558 1428 3622 absolute

308 3686 425 3731 summo
449 3672 482 3743 (9
505 3664 551 3742 6);
575 3675 794 3748 consequenter
815 3687 934 3728 omnem
956 3685 1080 3747 prorsus
1098 3667 1259 3730 excludunt
1282 3668 1428 3729 deiectum

309 3782 343 3856 (9
375 3773 440 3852 11).
498 3776 646 3847 Quoniam
683 3776 783 3855 itaque
820 3775 894 3837 nihil
935 3778 970 3837 ad
1008 3776 1128 3841 easdem
1161 3779 1429 3856 quomodocunque

308 3886 462 3966 pertinens
498 3885 600 3965 negari
638 3893 753 3968 potest,
796 3885 989 3946 contradictio
1029 3905 1099 3948 vero
1141 3905 1200 3948 non
1234 3887 1291 3948 nisi
1324 3887 1355 3947 in
1389 3885 1429 3946 si-

309 3989 457 4056 multanea
498 3986 632 4066 ejusdem
673 3987 869 4048 affirmatione
907 3994 936 4048 et
968 3988 1124 4066 negatione
1156 3987 1293 4048 consistit
1325 3988 1358 4061 (9
1387 3981 1428 4048 30

310 4087 426 4163 Ontot.)
458 4105 513 4148 nec
542 4086 623 4148 notio
654 4087 730 4149 entis
758 4087 967 4168 perfectissimi
998 4087 1093 4166 quoad
1117 4087 1239 4167 gradum
1263 4085 1428 4146 realitatum

310 4189 573 4250 contradictionem
603 4190 751 4270 quandam
782 4189 929 4252 involvere
958 4197 1066 4270 potest.
1112 4189 1224 4262 Quodsi
1247 4189 1329 4250 notio
1352 4188 1429 4250 entis

312 4301 363 4308 ‘⁸'
377 4337 405 4402 a)
424 4337 612 4390 erwurn:
641 4337 782 4402 nueorogu
799 4339 922 4392 seturna
940 4339 1003 4394 ears
1022 4338 1043 4390 n
1061 4341 1077 4404 s
1096 4339 1204 4392 12-21.
