3260 5058
249 657 252 664 ·
329 613 383 676 llic
411 613 609 695 philosophus
641 587 734 695 quum
764 619 916 688 censeret,
952 611 1060 675 rationi
1084 609 1265 674 theoreticae
1287 611 1367 691 qnod

244 724 348 786 attinet
379 724 416 785 ad
449 741 497 786 res
528 731 642 785 tantum
673 721 874 802 intelligibiles
908 729 1005 784 certos
1038 723 1113 783 lines
1143 721 1369 784 constituendos

245 853 320 908 esse,
345 851 382 894 ne
404 833 435 894 in
458 839 728 918 meraoommenta
757 831 902 893 incideret
928 839 1086 910 tutumque
1109 829 1240 892 veritatis
1263 829 1370 892 droda-

246 949 378 1004 mentum
402 941 584 1022 relinqueret
606 951 636 1004 et
657 949 759 1004 eontra
783 941 889 1002 rationi
913 940 1057 1020 practicae
1080 959 1134 1002 seu
1156 939 1270 1002 ethicae
1291 939 1369 1001 harro

246 1052 413 1114 facultatem
444 1051 535 1131 idque
565 1051 696 1113 olllcinm
721 1051 881 1126 tribueret,
918 1057 950 1112 ut
972 1049 1087 1111 virtutis
1111 1049 1316 1110 necessitatem
1340 1057 1370 1110 et

246 1161 343 1241 leges,
378 1169 412 1222 nt
434 1157 508 1222 inde¹
526 1161 614 1222 altius
644 1162 828 1223 adscendens
851 1161 903 1222 Ilei
927 1159 1126 1222 exsistentiam
1149 1159 1369 1240 essentiamque

245 1279 454 1350 cognosceret,
488 1271 659 1332 necessario
682 1271 769 1332 etiam
801 1270 867 1332 illas
895 1269 1181 1345 demonstrationes,
1217 1287 1292 1350 quae
1315 1287 1369 1350 pro

245 1380 297 1442 llei
321 1380 491 1442 exsistentia
521 1399 536 1442 a
568 1379 719 1460 prioribus
752 1379 897 1460 theologis
926 1390 955 1440 at
983 1379 1170 1459 philosophis
1199 1377 1369 1459 propositae

245 1497 330 1550 erant
358 1489 476 1550 criticae
499 1489 622 1550 rationis
641 1489 755 1568 judicio
770 1488 924 1568 subjicere
955 1487 1090 1550 debebat.
1137 1487 1223 1559 Quod
1246 1488 1316 1550 lecit
1338 1487 1368 1550 in

247 1597 440 1658 celeberrimo
463 1615 517 1656 sno
541 1596 617 1658 libro
640 1597 689 1676 qui
713 1597 875 1676 inscriptus
898 1603 952 1657 est.
992 1597 1061 1656 Ars
1084 1595 1227 1657 critica
1249 1615 1369 1676 purae

248 1703 472 1792 rationisin
495 1723 554 1784 quo
577 1705 656 1784 quod
679 1705 784 1766 attinet
806 1705 841 1766 ad
866 1713 1072 1784 argumentum
1096 1704 1369 1783 ontologioum

248 1814 287 1876 ita
310 1815 371 1874 lere
394 1813 535 1876 disseruit
551 1812 600 1889 ²)r
640 1815 684 1876 Ex
706 1813 743 1876 iis
766 1833 840 1894 quae
863 1813 960 1876 adhuc
982 1813 1195 1893 disputavimus
1218 1814 1302 1876 lacile
1325 1813 1371 1876 in-

248 1923 408 2003 telligitur‚
458 1924 609 1986 notionem
653 1923 758 1985 entis
802 1923 988 1984 absolute
1034 1923 1257 1984 necessarii
1302 1941 1369 1984 essa

247 2051 388 2094 meram
413 2033 614 2095 notionem
636 2033 891 2110 rationalem,
916 2033 972 2094 hoo
994 2039 1040 2094 eat
1062 2051 1202 2094 meram
1225 2031 1367 2102 ideam,

246 2141 331 2223 cnjus
354 2159 393 2204 re
415 2161 504 2204 vera
531 2143 770 2206 exsistentia
800 2143 868 2206 ideo
890 2143 969 2224 qnod
993 2142 1069 2205 ratio
1092 2141 1157 2222 ejus
1180 2121 1292 2222 indiget
1315 2143 1371 2204 mi-

245 2252 325 2314 nime
348 2252 547 2314 demonstrata
571 2261 625 2316 ost.
661 2253 828 2316 Permirum
851 2261 948 2315 antem
972 2253 1021 2316 hic
1043 2259 1072 2314 et
1093 2252 1228 2332 ineptum
1250 2251 1367 2326 accidit,

231 2362 325 2440 -rpnoul
349 2361 373 2423 si
396 2381 432 2423 ex
454 2363 518 2424 data
542 2365 704 2442 generatim
722 2363 891 2424 exsistentia
904 2363 1032 2441 aliquam
1045 2361 1247 2424 exsistentiam
1266 2361 1370 2440 utique

248 2470 444 2530 necessariam
467 2489 532 2530 esse
554 2471 760 2532 concludimus
782 2472 856 2530 lraec
878 2470 1029 2530 conclusio
1054 2469 1217 2530 necessaria
1241 2479 1270 2530 et
1292 2476 1372 2530 recta

249 2593 314 2635 esse
346 2575 463 2636 videtur
496 2586 525 2636 et
565 2595 669 2636 omnes
703 2584 800 2636 manen
842 2575 1009 2636 intellectus
1043 2575 1138 2636 nostri
1171 2575 1368 2648 conditiones,

249 2681 409 2763 quominus
433 2682 579 2762 eiusmodi
603 2683 806 2744 necessitatem
830 2682 950 2762 cogitari
974 2681 1124 2762 possimus
1142 2699 1267 2762 prorsus
1286 2680 1372 2744 nobis

248 2792 387 2854 adversae
399 2799 479 2854 suxit.
515 2791 654 2854 llellnitio
676 2791 796 2872 quidam
819 2791 977 2854 nominalis
999 2791 1088 2872 liujus
1111 2789 1252 2865 notionis,
1278 2790 1372 2852 entis

248 2901 369 2982 inquam
392 2902 576 2964 absolute
605 2901 832 2964 necessarii
863 2901 947 2962 lacile
970 2901 1096 2982 proponi
1120 2907 1235 2980 potest:
1270 2899 1369 2980 qrrod

247 3011 300 3074 sit
322 3030 389 3074 ens
414 3011 491 3074 tale
514 3011 629 3092 cujus
651 3011 992 3074 non-exsistentia
1016 3009 1277 3090 impossibilis
1301 3016 1369 3084 est;

247 3121 300 3182 sed
330 3120 413 3182 xanllo
446 3121 535 3182 modo
568 3121 776 3200 prudentiores
809 3119 965 3180 reddimur
996 3120 1033 3180 do
1066 3119 1102 3181 iis
1136 3117 1368 3192 conditionibus,

248 3229 358 3308 quibus
381 3229 524 3304 allicitur,
561 3237 594 3292 ut
623 3228 869 3290 non-exsistentia
898 3225 1024 3308 alicujus
1051 3227 1094 3290 rei
1124 3228 1225 3308 utique
1248 3227 1370 3308 cogitari

248 3344 384 3416 nequeat.
431 3337 543 3398 Omnes
565 3337 645 3398 enim
669 3336 871 3412 conditiones,
903 3353 1027 3417 quarum
1058 3353 1175 3416 semper
1202 3337 1370 3400 intellectus

249 3445 375 3525 indiget,
402 3452 434 3508 ut
455 3444 567 3524 aliquid
591 3445 792 3507 necessarium
816 3463 881 3508 esso
904 3445 1047 3525 intelligat
1069 3445 1095 3506 si
1118 3463 1172 3526 per
1192 3444 1368 3510 vocabulum

249 3531 426 3616 absoluti
448 3553 615 3634 abjicimus,
634 3553 727 3616 multo
743 3553 828 3616 abest
849 3554 949 3616 uthoc
964 3553 1153 3635 perspicuum
1171 3555 1366 3632 nobislaoiat,

250 3681 321 3726 num
350 3681 404 3743 par
434 3663 586 3726 notionem
623 3664 701 3726 eritis
731 3663 889 3726 necessarii
919 3663 1007 3726 etiam
1040 3663 1150 3747 aliquid
1177 3685 1214 3728 an
1244 3667 1368 3729 lortaasc

248 3791 384 3853 prorsus
408 3771 484 3834 nihil
517 3772 692 3852 cogitemus.
749 3772 889 3854 Exempla
929 3791 1048 3854 quoque
1087 3774 1125 3838 ad
1165 3775 1367 3855 explicandam

251 3923 294 3934 -ιιι

316 4017 343 4078 1)
370 4015 402 4065 cl.
432 4013 559 4068 Kantli:
598 4016 648 4066 Ara
672 4015 762 4067 critica
784 4031 863 4084 purae
887 4015 993 4068 rationis
1017 4017 1049 4068 ed
1073 4019 1117 4070 dte
1135 4017 1209 4070 llll.
1248 4017 1368 4072 llootrlna

248 4097 407 4149 elementaris
425 4097 488 4148 Pars
506 4096 537 4149 ll.
557 4097 601 4150 lib.
622 4097 644 4150 ll
669 4107 743 4166 capnt
761 4098 782 4151 ll
806 4097 876 4150 loeus
894 4098 926 4151 lll
944 4099 1070 4166 particula
1088 4100 1135 4154 lV:
1175 4099 1248 4167 Quod
1272 4103 1367 4156 cotelo-

248 4182 329 4246 gieum
348 4181 378 4232 de
396 4181 444 4232 lloi
462 4181 611 4233 exsistentia
629 4189 802 4246 argumentum
821 4182 973 4250 impossibile
992 4183 1025 4234 rit
1043 4199 1066 4252 p.
1078 4185 1129 4236 tao
1147 4199 1201 4252 sqq.
1239 4185 1363 4239 Kantii:

250 4266 333 4332 Opera
351 4265 433 4316 omnia
451 4265 490 4316 ed.
511 4265 675 4316 lloaenlxranz
698 4273 725 4317 et
742 4265 867 4317 Schubert
888 4265 989 4333 Lipsiae
1008 4269 1083 4319 1⁸³⁸.
1120 4267 1169 4320 vol.
1191 4267 1221 4320 ll.
1243 4271 1282 4320 cd.
1304 4271 1367 4324 llar-

249 4349 358 4400 tcosteia
376 4347 476 4416 Lipsiae
495 4349 562 4400 1838
579 4347 629 4399 rol.
650 4347 680 4399 ll.
