3272 5054
652 428 999 500 -132—

265 615 462 694 „aigaiticaot
508 611 572 693 Ego
593 612 683 692 igitur
704 611 834 676 absoluti
863 611 986 674 omnino
1015 611 1109 672 torma
1132 617 1189 671 est.
1234 611 1300 674 iam
1322 631 1394 676 vero

266 743 380 804 „quum
406 722 534 788 essentia
563 722 718 801 lormaque
747 720 964 801 disjungendae
993 738 1054 782 non
1077 720 1156 793 sint,
1192 721 1272 782 sieut
1293 722 1332 784 ab
1354 724 1393 785 iis

266 833 338 914 „qui
370 833 482 894 nnllam
515 831 559 894 rei
591 831 745 894 uodonem
779 830 891 892 habent
921 829 1094 910 saepissime
1126 830 1176 904 lit,
1213 831 1266 892 sed
1296 833 1392 894 torma

266 943 386 1022 „potius
408 941 504 1021 ipsam
526 941 603 1004 entis
625 940 754 1004 absoluti
776 939 936 1002 essentiam
959 939 1137 1013 constituat,
1173 939 1242 1000 ideo
1264 959 1319 1002 ens
1339 941 1392 1004 ab

265 1051 416 1128 „solutum
445 1051 611 1114 secundum
641 1049 801 1112 essentiam
831 1067 916 1112 suam
945 1048 1117 1110 immediate
1146 1067 1218 1128 ego,
1255 1051 1317 1112 sire
1344 1053 1390 1114 sui

266 1161 382 1242 „ipsius
404 1159 584 1224 conscientia
608 1167 663 1221 est.
699 1159 731 1220 Si
750 1159 813 1239 jam
836 1159 920 1238 prius
943 1176 997 1219 ens
1018 1157 1190 1220 absolutum
1213 1167 1388 1238 potestatam

266 1269 380 1346 „libare
402 1269 630 1350 procreatricem
653 1286 719 1330 esse
741 1274 841 1332 mente
863 1267 1115 1348 concipiebamus,
1140 1286 1174 1328 ea
1192 1275 1255 1328 tum
1268 1269 1389 1347 quidem

270 1378 414 1455 „libertas
433 1396 557 1458 prorsus
576 1377 703 1438 obscura
723 1376 889 1451 videbatur,
914 1377 982 1455 quia
996 1395 1082 1438 caeca
1105 1384 1169 1438 erat
1188 1395 1282 1454 neque
1303 1379 1386 1439 alind

267 1489 454 1569 „quidquam
476 1488 595 1550 efficere
617 1493 750 1567 poterat,
780 1506 869 1567 quam
892 1495 924 1548 ut
946 1487 1142 1566 posteriorem
1165 1485 1379 1564 explicationem

267 1605 487 1678 „praepararet
531 1598 617 1660 Nunc
647 1596 697 1658 illa
727 1597 790 1676 ipsa
820 1597 974 1676 conceptio
1003 1596 1124 1677 penitus
1143 1595 1301 1675 justificata
1322 1603 1382 1655 ast:

267 1727 342 1784 „ens
364 1707 534 1770 absolutum
564 1715 715 1786 tamquam
746 1705 792 1766 sui
822 1705 917 1786 ipsius
939 1706 1093 1767 conscium
1115 1705 1241 1784 ideoque
1264 1723 1297 1764 ex
1319 1722 1389 1764 oon-

267 1817 412 1894 „scienlia
434 1835 487 1878 sua
510 1815 602 1878 libere
624 1835 729 1878 creans
751 1815 936 1896 concipimus
958 1815 1114 1894 ideamque
1136 1814 1302 1875 absolutam
1325 1831 1391 1892 per-

268 1945 394 2004 „spnam
416 1944 533 1988 summo
555 1944 590 1987 ao
611 1925 867 2005 praestantissimo
889 1943 980 1986 sensu
997 1923 1164 1986 sivelleum
1183 1941 1250 1984 esse
1272 1941 1390 2002 negare,

268 2036 364 2112 „nihil
386 2035 466 2097 aliud
490 2043 585 2111 esset,
620 2054 709 2115 quam
732 2035 898 2097 absolutam
921 2035 949 2096 ei
979 2035 1104 2096 sormam
1127 2033 1283 2112 ipsamque
1306 2032 1392 2094 abso-

270 2145 382 2220 „lutam
406 2145 566 2207 essentiam
589 2144 742 2223 derogare,
767 2145 835 2223 quia
859 2144 916 2205 hoc
938 2152 971 2205 ut
992 2145 1228 2205 demonstratum
1251 2149 1296 2203 est
1318 2141 1393 2203 illud

270 2253 461 2327 „immediato
483 2253 648 2314 continet.“
666 2251 714 2326 ¹⁶).
760 2252 895 2332 Denique
918 2253 974 2313 alia
1004 2253 1131 2330 quadam
1154 2253 1199 2314 via
1222 2271 1256 2313 ac
1278 2252 1394 2312 ratione

269 2361 301 2422 C.
327 2360 359 2422 P.
385 2356 651 2435 Fischerus¹⁶)
690 2369 719 2422 et
749 2360 810 2422 Cb.
843 2360 880 2421 H.
913 2359 1133 2437 Weisse¹⁷),
1169 2362 1221 2441 qui
1250 2380 1266 2422 a
1296 2361 1393 2440 philo·
1433 2413 1435 2418 .

269 2469 390 2550 sophiae
415 2469 590 2550 Hegelianae
612 2469 769 2551 disciplina
792 2470 917 2550 proiecti
937 2470 1100 2533 doctrinam
1123 2471 1203 2533 illam
1227 2469 1274 2531 sui
1297 2470 1393 2549 ipsius

269 2580 381 2660 ingenii
414 2580 605 2642 contentione
638 2581 772 2642 excolere
805 2581 982 2656 studebant,
1018 2581 1111 2643 Deum
1142 2597 1300 2659 personam
1333 2579 1394 2640 sive

270 2698 399 2752 mentem
422 2691 468 2752 sui
491 2690 587 2770 ipsius
610 2691 761 2752 consciam
783 2691 937 2752 intellectu
954 2690 1182 2771 concipiendum
1202 2708 1267 2750 esse
1287 2707 1393 2768 magna

270 2807 301 2861 et
323 2799 480 2879 sagacitate
509 2808 539 2860 et
567 2799 721 2879 gravitale·
739 2799 895 2862 docebant.
942 2800 1000 2861 Sed
1031 2818 1086 2860 nos
1112 2800 1169 2861 hoc
1192 2799 1257 2860 loco
1280 2797 1395 2877 disqui-

270 2910 407 2971 sitionem
433 2916 564 2970 nostram
595 2909 747 2970 absolvere
773 2928 943 2988 possumus.
997 2910 1102 2972 Nostra
1132 2910 1212 2971 enim
1240 2909 1391 2983 intererat,

270 3025 304 3078 ut
326 3035 391 3078 eam
413 3017 509 3096 ipsam
531 3017 584 3079 Ilei
607 3017 667 3078 sive
689 3016 767 3078 entis
789 3016 926 3078 absolute
948 3017 1071 3096 perlecti
1099 3017 1269 3093 notionem,
1304 3035 1394 3096 quam

271 3145 337 3188 oum
361 3125 512 3189 communi
535 3125 692 3188 hominum
721 3125 836 3187 ratione
865 3135 894 3186 et
921 3125 1092 3205 religionis,
1127 3127 1302 3206 praesertim
1324 3124 1393 3186 fidei

271 3235 456 3298 Christianae
478 3235 578 3298 indole
600 3236 772 3300 omnimodo
794 3235 952 3298 convenire
974 3253 1205 3316 cognoveramus
1221 3242 1310 3315 atque
1328 3235 1393 3314 ipso

270 3356 445 3425 argumento
475 3353 578 3408 nostro
607 3364 696 3425 quam
731 3345 858 3407 maxime
888 3345 951 3406 lieri
988 3345 1084 3425 potuit
1114 3346 1394 3406 confirmaveramus

267 3453 330 3534 jana
351 3454 421 3516 inde
443 3453 480 3515 ab
502 3453 719 3534 antiquissimis
741 3453 863 3516 humani
886 3453 1004 3533 generis
1027 3453 1210 3534 temporibus
1232 3455 1268 3514 ad
1291 3461 1393 3514 nostra

271 3581 366 3643 usque
388 3562 505 3624 saecula
527 3581 543 3624 a
566 3561 636 3624 viris
659 3562 840 3624 doctissimis
862 3563 1045 3643 propositam
1063 3571 1092 3624 et
1108 3563 1206 3624 denno
1222 3563 1394 3642 saepissime

272 3679 440 3734 renovatam
471 3689 536 3733 essa
570 3671 744 3734 certissimis
781 3672 968 3734 documentis
1001 3672 1206 3751 probaremus.
1264 3672 1325 3744 Qua
1361 3689 1394 3731 re

340 3972 385 4037 at)
404 3970 436 4022 cl.
457 3970 592 4030 Ficbtii,
620 3969 642 4022 J.
670 3970 716 4024 H.:
755 3971 943 4040 Propositiooes
968 3973 999 4024 ad
1026 3973 1225 4042 praeparandam
1252 3971 1393 4034 theologiae

273 4053 411 4106 doctrinam
431 4053 597 4118 stuttgardae
616 4061 643 4106 et
659 4053 800 4120 Tubinpiae
818 4057 893 4108 1825.
922 4057 998 4120 523.
1019 4072 1043 4124 p.
1064 4058 1098 4109 62
1116 4072 1153 4124 aq.

341 4155 386 4219 ao)
405 4155 437 4206 cl.
458 4155 629 4207 Fischeri.
653 4154 681 4206 C.
701 4155 746 4208 Pa
768 4155 829 4208 lder
847 4155 952 4206 numinis
970 4155 1048 4208 divini
1066 4163 1116 4207 etc.
1139 4155 1306 4221 Stuttgmtiae
1316 4155 1391 4206 18³9.

341 4260 386 4324 17)
405 4259 438 4312 cl'.
466 4258 612 4319 warne,
643 4257 694 4311 Cb.
724 4260 770 4312 lt:
815 4259 991 4328 Philosopbica
1023 4261 1096 4325 hujus
1123 4259 1242 4326 temporis
1269 4257 1390 4324 quaestio.

274 4343 403 4410 Epistulae
422 4344 453 4393 ad
472 4343 495 4395 J.
517 4343 547 4394 li.
569 4343 693 4396 Fichtiom
710 4345 809 4403 missae,
848 4343 949 4410 Lipsiae
968 4345 1042 4396 184².
1149 4387 1153 4400 .
