3236 5076
609 475 931 544 -ppffl

209 657 333 720 Galliam
346 653 435 719 rediit
453 655 506 718 sed
524 675 541 718 a
560 655 676 718 clericis
691 655 833 718 uthcismi
844 663 879 718 ut
895 654 1034 716 dicebant
1051 673 1140 716 causa
1156 661 1330 736 persecutus

209 787 278 828 mox
299 785 377 828 anno
401 764 483 829 1624
504 765 535 827 in
558 766 706 828 Batauam
728 785 760 827 se
782 765 918 840 contulit,
942 765 994 826 ubi
1011 783 1065 844 per
1079 765 1181 844 viginti
1197 764 1330 844 quinque

208 895 304 939 annos
333 876 404 938 vixit
431 875 628 956 plurimisque
657 883 686 937 ct
714 875 917 936 celeberrimis
946 874 1067 955 scriptis
1096 893 1187 954 quum
1217 875 1331 936 mathe-

209 987 346 1048 maticam
371 995 434 1048 tum
455 985 693 1066 philosophicam
715 993 810 1046 artem
833 984 971 1046 excoluit.
1005 984 1135 1046 Tandem
1152 983 1329 1046 aChristiua

209 1095 421 1159 Scandinaviae
449 1095 551 1175 regina
573 1095 713 1156 invitatus
734 1095 771 1156 ud
793 1095 904 1174 regiam
933 1095 1082 1174 proiectus
1105 1093 1205 1173 ibique
1227 1093 1330 1174 paucis

208 1207 363 1268 mensibus
385 1215 453 1286 post
473 1225 552 1268 anno
577 1203 658 1266 1650
681 1213 818 1266 mortuus
840 1213 895 1266 est.
941 1205 993 1266 ilic
1014 1205 1059 1266 vir
1080 1204 1214 1283 quamvis
1236 1203 1330 1265 eccle·

207 1317 269 1378 siae
291 1324 409 1378 nostrae
431 1335 491 1377 non
513 1315 661 1390 addictus,
686 1315 853 1377 liberaliore
876 1323 974 1377 tamen
991 1314 1058 1394 ejus
1073 1313 1192 1393 ingenio
1208 1313 1329 1394 adjutus

206 1428 322 1508 primus
344 1426 550 1506 philosophiae
572 1428 748 1488 reformator
769 1426 880 1488 exstitit
902 1445 1027 1505 eamque
1045 1443 1060 1486 a
1080 1425 1250 1504 dogmatum
1267 1443 1329 1486 ser·

207 1537 298 1598 vitute
319 1537 462 1599 liberavit.
508 1537 672 1616 lncipicbat
693 1555 821 1616 namque
842 1555 858 1598 a
882 1536 1066 1598 dubitatione
1083 1536 1228 1609 omnium,
1252 1555 1334 1614 quae·

206 1667 274 1708 vera
296 1648 394 1709 adhuc
416 1645 560 1707 habuerat
580 1655 610 1707 et
630 1646 809 1725 procedebat
830 1645 900 1708 inde
921 1645 958 1706 ad
981 1653 1090 1706 certam
1106 1645 1235 1723 aliquam
1254 1644 1329 1704 reri·

207 1765 299 1818 tatem
315 1756 562 1835 cognoscendam,
586 1773 676 1833 quam
699 1754 730 1815 iu
753 1763 852 1816 mente
874 1755 1003 1814 humana
1025 1753 1072 1814 sui
1095 1753 1189 1832 ipsius
1210 1753 1328 1816 muscia

208 1865 358 1928 invenisse
386 1865 443 1926 sibi
471 1864 626 1926 videbatur
654 1872 684 1926 et
704 1863 742 1925 ab
765 1865 822 1925 hoo
843 1863 951 1926 deinde
977 1863 1123 1943 principio
1145 1864 1181 1924 ad
1205 1863 1257 1924 Dei
1280 1883 1329 1926 ex·

209 1974 373 2036 sistentiam
399 1975 582 2055 pmbandam
604 1973 819 2046 adscendebat,
854 1975 934 2054 quud
963 1981 1171 2054 argumentum
1198 1974 1276 2035 sicut
1296 1973 1328 2034 in

208 2085 275 2165 ejus
308 2085 401 2160 libro,
436 2084 487 2164 qui
520 2084 681 2164 inscriptus
715 2093 777 2146 est:
811 2085 1094 2146 Meditotiones
1127 2085 1171 2146 de
1204 2083 1327 2164 prima

207 2193 462 2276 philosophia
485 2196 662 2276 proponitur
675 2193 705 2272 3·)
729 2215 810 2258 nunc
831 2194 959 2276 amplius
975 2195 1062 2258 nohis
1080 2193 1327 2256 considerandum

207 2316 262 2367 est.
307 2304 546 2385 lucipitigitur:

296 2519 324 2588 I
349 2519 413 2589 De
438 2517 485 2589 e'rir
517 2543 610 2616 quae
642 2519 680 2590 in
714 2518 857 2592 dubium
890 2520 1063 2592 reuocari
1088 2535 1248 2618 poscunt.
1275 2557 1327 2574 ·-··

207 2633 330 2710 Nempe,
355 2632 469 2712 inquit,
493 2633 639 2712 quidquid
661 2634 804 2694 hactenus
827 2643 859 2695 ut
881 2634 1006 2694 maxime
1029 2653 1132 2696 verum
1153 2636 1259 2696 admisi
1281 2635 1327 2696 vel

207 2759 224 2802 a
246 2741 434 2802 sensibus
455 2742 500 2802 rel
522 2761 588 2822 per
609 2750 750 2805 sensus
771 2724 889 2823 accepi,
921 2743 976 2804 hos
998 2753 1096 2806 autem
1128 2745 1326 2806 interdum

207 2850 351 2912 fallere
380 2851 560 2930 deprehendi
590 2861 618 2914 et
641 2853 816 2932 prudentiae
845 2861 890 2915 est
921 2873 1114 2934 nunquam
1137 2854 1189 2916 iis
1210 2855 1327 2934 plane

206 2961 414 3022 confidere
436 2981 513 3042 quoe
535 2964 628 3024 semel
650 2981 706 3024 nos
728 2964 919 3044 deceperunt.
953 2966 1013 3044 Age
1035 2985 1116 3046 ergo,
1141 2967 1326 3028 somniemus
1409 2945 1411 2951 ¹

204 3090 260 3132 nec
275 3071 463 3151 particularia
474 3073 530 3135 ista
552 3092 618 3136 vera
641 3074 711 3149 sint,
734 3093 791 3136 nos
813 3075 915 3136 oculos
937 3075 1063 3154 aperire,
1087 3087 1176 3156 caput
1197 3095 1324 3151 movere,

205 3199 313 3242 manus
335 3184 510 3258 extendere,
545 3201 601 3246 nec
622 3186 698 3246 lurtc
721 3185 809 3246 etiam
833 3203 888 3246 nos
910 3184 1019 3246 habere
1041 3185 1114 3246 tales
1136 3203 1244 3246 manus
1271 3203 1326 3246 nec

207 3289 263 3350 tale
285 3309 394 3369 corpus
418 3299 522 3364 totrun,
547 3300 645 3354 tamen
669 3294 801 3372 prolecto
814 3293 965 3354 latendum
978 3303 1032 3368 est,
1058 3293 1116 3355 visa
1130 3283 1340 3373 perquietem‘

206 3417 272 3458 esse
293 3399 382 3460 veluti
405 3400 548 3478 quasdem
569 3401 664 3480 pictas
686 3401 840 3480 imagines,
866 3419 942 3481 quae
965 3421 1024 3462 non
1047 3402 1105 3463 nisi
1127 3403 1165 3464 ad
1187 3403 1326 3465 similitu·

206 3507 305 3568 dinem
328 3527 428 3570 rerum
451 3528 587 3570 verarum
609 3510 680 3590 fingi
703 3519 878 3590 potuerunt,
903 3511 1029 3591 ideoque
1051 3512 1156 3574 saltem
1177 3513 1324 3592 generalia

205 3617 288 3689 haec,
312 3618 425 3695 oculos,
449 3627 546 3699 caput,
570 3639 687 3696 manus,
713 3629 867 3709 totumque
889 3640 1007 3701 corpus,
1031 3641 1080 3684 res
1098 3625 1241 3703 quasdam
1263 3643 1324 3686 non

204 3728 393 3808 imaginarias
422 3730 473 3790 sed
496 3749 580 3792 veras
602 3732 753 3792 exsistere.
799 3731 859 3793 Nec
888 3732 998 3812 dispari
1022 3734 1153 3806 ratione,
1187 3735 1323 3814 quumvis

204 3838 294 3900 etiam
315 3839 464 3918 generalia
486 3841 559 3916 ista,
584 3841 680 3916 oculi,
703 3849 808 3922 caput,
841 3859 946 3904 manus
968 3854 998 3904 et
1019 3843 1126 3905 similia
1149 3844 1323 3924 imaginaria

204 3967 269 4010 csse
291 3958 434 4028 possunt,
469 3950 566 4012 adbuc
598 3952 692 4032 magis
721 3952 866 4034 simplicia
896 3961 925 4016 et
952 3953 1129 4016 universalia
1159 3973 1226 4016 vera
1256 3973 1322 4017 esse

271 4235 300 4299 3)
324 4235 356 4285 cl.
379 4235 542 4287 Cartesii:
570 4237 654 4304 Opera
677 4237 1141 4306 philosophicaAmsbelodami1650,
1172 4243 1214 4294 ubi
1233 4245 1321 4296 cadum

202 4317 304 4368 brevius
324 4325 404 4370 trireta
422 4327 479 4371 sunl
497 4319 603 4381 inlihro,
626 4323 667 4388 qui
683 4322 816 4391 inscriptus
831 4333 883 4378 est:
905 4325 1077 4394 Principia
1094 4328 1320 4398 philosophiae

203 4399 286 4468 loap.
306 4401 473 4456 Xlll-XXL
