3260 5058
626 519 710 530 --
766 481 974 580 101,-

239 675 295 728 est.
342 664 435 745 Cujus
457 665 501 725 rei
531 665 589 724 dux
611 662 699 724 uobis
727 663 791 743 ipsa
813 669 918 724 natura
948 669 1004 722 est.
1050 657 1259 737 conspicimus
1282 655 1362 718 enim

240 778 271 838 in
294 794 394 838 rerum
425 765 530 836 natura
560 774 736 834 immensam
766 759 881 834 entium
910 771 1036 844 seriem,
1082 787 1158 848 quae
1187 766 1224 828 ab
1253 767 1363 845 imper-

240 885 412 948 fectissimis
438 884 558 963 quidem
581 883 703 962 incipit,
739 882 791 942 sed
821 881 859 942 ad
888 881 982 959 magis
1011 879 1164 958 magisque
1186 876 1362 958 perfectiora

241 995 385 1077 procedit.
429 995 588 1056 Enimvero
617 991 748 1054 mundus
777 991 826 1052 hic
854 989 1063 1070 adspectahilis
1092 988 1219 1068 aliquam
1247 993 1363 1050 tantum

240 1114 353 1186 partem
377 1104 467 1184 hujus
491 1103 586 1165 scalae
608 1103 695 1162 nobis
718 1101 905 1181 suppeditat,
937 1119 1027 1179 quam
1049 1100 1123 1159 ratio
1146 1106 1245 1158 nostra
1269 1115 1364 1176 usque

240 1217 276 1276 ad
310 1214 405 1276 ideam
440 1214 519 1275 entis
553 1211 762 1292 perfectissimi
801 1210 976 1272 continuare
1009 1217 1116 1288 potest.
1171 1207 1236 1268 Jam
1270 1187 1363 1284 quoni

240 1343 377 1404 magnam
409 1323 502 1404 hujus
534 1323 631 1384 scalae
664 1329 777 1401 partem
811 1328 841 1381 et
874 1320 1045 1381 inferiorem
1079 1318 1198 1398 quidem
1231 1336 1264 1378 re
1296 1334 1363 1376 vera

239 1437 374 1496 effectam
396 1435 559 1508 videamus,
584 1432 678 1511 magis
701 1450 791 1510 quam
812 1429 983 1503 verisimile,
1007 1430 1067 1490 imo
1086 1429 1147 1490 fere
1169 1435 1284 1490 certum
1306 1433 1362 1499 ost,

237 1545 390 1624 reliquam
412 1562 532 1623 quoque
554 1542 620 1620 ejus
642 1549 757 1620 partem
781 1541 916 1600 effectum
940 1558 1023 1612 esse,
1054 1539 1112 1598 hoc
1134 1545 1180 1598 est
1200 1536 1364 1615 angelos

240 1662 270 1714 et
291 1655 426 1725 Deum,
451 1669 519 1710 ens
541 1647 885 1728 perfectissimum
908 1646 1198 1726 hujusserieifinem
1211 1645 1361 1706 exsistere.

242 1762 381 1822 Fortasse
413 1758 546 1842 quidem
569 1758 677 1836 aliquis
706 1757 794 1817 nobis
824 1756 954 1835 objicere
984 1765 1086 1834 posset
1114 1755 1258 1815 mundum
1285 1755 1367 1814 huuc

243 1867 562 1946 sensibussubjectum
585 1885 659 1928 non
682 1866 762 1928 nisi
784 1874 970 1946 quantum
994 1883 1064 1925 nos
1086 1864 1165 1943 ipsi
1185 1863 1366 1943 judicare

243 1977 444 2060 possimus
477 1997 517 2039 re
549 1996 636 2038 vera
670 1977 889 2052 exsistere3
924 1976 976 2036 sed
1007 1975 1031 2036 si
1059 1994 1147 2036 vera
1170 1974 1237 2035 Dei
1261 1973 1367 2034 exsi-

243 2087 393 2150 stentia
436 2107 563 2149 veram
608 2088 734 2168 quoad
774 2097 952 2148 nostrum
991 2084 1186 2166 judicium
1230 2084 1364 2153 mundi

241 2198 364 2277 hujus
396 2197 692 2277 adspectabiiis
725 2196 1005 2258 exsistentiam
1038 2195 1184 2274 adaequat
1211 2195 1269 2256 hoc
1301 2195 1366 2256 sine

242 2307 591 2370 dubiohominisufficit.
625 2309 793 2372 deceditad
810 2306 980 2387 hocquod
1004 2308 1088 2386 ipsa
1111 2306 1216 2367 ratio
1239 2313 1366 2366 nostra

240 2419 464 2496 perfectum
487 2418 652 2478 assiduo
682 2427 864 2478 sectatur
893 2418 979 2496 eique
1001 2417 1215 2478 consectationi
1236 2435 1292 2476 nos
1314 2415 1368 2476 ob-

244 2525 346 2602 ligat
367 2525 574 2602 ideamque
596 2526 771 2584 numinis
794 2525 914 2584 divini
939 2525 1024 2601 quasi
1046 2543 1229 2584 summam
1251 2525 1367 2602 hujus

247 2633 571 2692 consectationis
593 2651 763 2706 normam
786 2632 888 2711 ponit3
913 2651 983 2710 ergo
1006 2634 1068 2692 fere
1089 2641 1204 2694 certum
1227 2640 1281 2706 est,
1306 2652 1368 2694 ens

246 2740 439 2820 quoddam
473 2741 672 2802 exsistere
705 2741 785 2819 quod
819 2749 849 2801 et
883 2740 985 2801 ultima
1019 2741 1109 2820 hujus
1142 2741 1369 2802 consectationis

245 2861 397 2930 praeterea
421 2851 508 2913 nobis
530 2852 744 2932 inexplicabilis
767 2871 853 2914 rausa
876 2860 906 2914 et
927 2853 984 2914 hoc
1000 2853 1098 2932 ipsum
1110 2851 1307 2932 propositum,
1331 2852 1369 2912 ad

243 2961 324 3040 quod
354 2961 474 3041 ipsimet
502 2962 643 3037 nitimur,
675 2961 737 3042 jam
769 2963 839 3024 inde
869 2963 906 3023 ab
936 2963 1023 3023 initio
1050 2961 1266 3042 perfectissime
1288 2979 1370 3022 asse-

242 3079 346 3132 cutum
369 3079 423 3133 est.
456 3107 498 3118 -
542 3073 624 3144 Quae
646 3073 861 3135 demonstratio
890 3074 916 3134 si
938 3074 1104 3134 accuratius
1126 3092 1190 3133 rem
1213 3071 1370 3150 investiga-

243 3199 312 3240 mus
333 3199 393 3240 non
417 3181 577 3260 ontologici
600 3182 712 3258 solum,
748 3185 799 3243 sed
822 3183 911 3242 etiam
942 3183 1067 3242 maxima
1089 3201 1125 3242 ex
1148 3189 1231 3260 parte
1253 3199 1370 3241 cosmo-

245 3287 333 3366 logici
355 3293 521 3367 argumenti
544 3292 658 3352 ratione
680 3295 787 3368 utitur,
822 3294 903 3371 quod
932 3294 969 3353 de
991 3295 1086 3352 forma
1108 3292 1271 3352 notandum
1293 3299 1367 3352 erat.

247 3397 350 3467 Quoad
380 3407 478 3460 autem
508 3401 602 3479 ipsam
633 3402 811 3462 sententiam
845 3403 903 3462 hoc
931 3403 1090 3482 praecipue
1120 3402 1199 3481 quod
1229 3401 1370 3462 omnibus

245 3506 370 3567 rationis
402 3517 521 3570 nostrae
554 3511 794 3589 perceptionibus
826 3530 925 3571 veram
966 3511 1169 3573 exsistentiam
1202 3521 1369 3592 competere

245 3624 385 3696 putamus
414 3617 541 3697 ideoque
563 3619 624 3679 Deo
653 3620 740 3680 etiam
772 3620 833 3680 sive
856 3621 916 3680 enti
939 3620 1075 3681 absolute
1096 3623 1246 3700 perfecto,
1281 3621 1369 3702 cujus

246 3726 311 3787 idea
334 3727 421 3788 nobis
443 3728 528 3806 quasi
550 3729 648 3789 innata
671 3735 719 3789 est
740 3748 837 3790 reram
854 3730 1055 3792 exsistentiam
1071 3731 1367 3807 urhunedehemus,

246 3856 306 3898 non
329 3838 402 3897 satis
424 3839 580 3917 probatum
611 3859 676 3900 esse
698 3841 814 3900 videtur
836 3849 866 3902 et
887 3849 921 3902 ut
949 3842 1013 3921 ipse
1034 3851 1120 3903 autor
1141 3843 1183 3904 ait
1204 3841 1299 3920 magis
1320 3861 1369 3902 vc-

246 3945 403 4008 risimilem
426 3966 514 4026 quam
537 3949 672 4011 absolute
695 3959 805 4012 certam
828 3951 882 4012 Dei
905 3952 1106 4014 exsistentiam
1129 3972 1195 4014 esse
1217 3954 1313 4014 docet.

659 4255 958 4265 -ψ
