3236 5076
603 433 924 505 -gpm

204 617 359 679 continent
391 633 504 678 voras
537 623 575 676 et
607 613 874 678 immutabiles
907 622 1086 688 naturas,
1126 611 1178 674 sed
1211 619 1327 676 tanum

205 727 382 788 fictitias
415 734 451 788 et
483 724 527 786 ab
560 725 775 789 intellectu
808 725 1055 804 compositas
1087 723 1125 788 ab
1154 723 1259 786 eodem
1281 723 1328 786 in-

205 837 326 899 tellectu
349 855 408 897 non
431 855 498 916 per
520 835 831 898 abstractionem
857 843 990 910 tantum,
1021 835 1073 898 scd
1098 851 1165 916 per
1186 833 1328 898 claram

206 966 249 1008 ac
282 947 514 1008 distinctam
548 946 820 1026 operationem
854 945 978 1006 dividi
1013 963 1147 1025 posse,
1188 944 1263 1008 adeo
1296 953 1330 1006 ut

208 1057 277 1120 illa
301 1075 376 1136 quae
398 1055 637 1118 intellectus
667 1055 725 1118 sic
755 1055 937 1116 dividere
967 1073 1040 1116 non
1070 1063 1204 1138 potest
1225 1053 1329 1134 procul

208 1167 298 1228 dnbio
326 1166 370 1228 ab
399 1165 487 1246 ipso
516 1185 590 1226 non
614 1165 767 1228 inerint
796 1165 1027 1245 composita.
1074 1165 1150 1237 Quid
1174 1173 1330 1228 estesse

208 1276 406 1356 objective
429 1276 466 1336 in
489 1273 726 1338 intellectui
759 1275 837 1340 Olim
860 1275 965 1336 didici:
989 1283 1034 1336 est
1055 1275 1178 1355 ipsum
1200 1283 1329 1338 actum

207 1387 445 1448 intellectus
468 1403 536 1466 per
558 1385 707 1448 modum
730 1384 880 1465 objecti
905 1385 1140 1461 terminare;
1164 1385 1330 1464 nuntiatae

205 1498 368 1562 extrinseca
399 1497 601 1558 denominatio
632 1503 678 1558 est
706 1505 735 1556 et
766 1495 842 1556 nibil
870 1495 932 1570 rei;
977 1515 1042 1558 esso
1065 1495 1209 1575 objective
1231 1495 1261 1556 in
1285 1495 1331 1558 in·

206 1608 325 1670 tellectu
350 1626 411 1666 non
441 1606 521 1666 aliud
553 1605 700 1684 significat
722 1624 810 1683 quam
838 1623 926 1664 esse
949 1624 991 1664 eo
1018 1605 1129 1666 modo
1151 1605 1189 1664 in
1212 1605 1331 1666 intel-

206 1717 316 1778 lectu
340 1735 414 1794 qno
437 1715 594 1794 objecta
618 1715 656 1774 in
679 1733 721 1774 eo
744 1731 831 1774 esso
854 1713 995 1776 solent.
1041 1712 1098 1776 Ubi
1119 1713 1332 1776 advortendum

210 1833 267 1898 est,
291 1824 365 1884 illud
388 1824 535 1902 respicere
564 1824 600 1884 ad
632 1842 694 1884 rem
724 1823 818 1902 ipsam
841 1829 991 1902 nmquam
1018 1831 1125 1884 extra
1148 1821 1332 1886 intellectum

213 1933 351 2014 positam,
377 1933 491 1994 ratione
513 1932 599 2013 cujtis
621 1940 667 1994 est
688 1951 760 1996 sane
783 1933 945 1994 extrinseca
968 1932 1178 2006 denominatio,
1202 1933 1333 2012 quodsit

212 2043 356 2124 objective
378 2042 409 2104 in
432 2042 593 2120 intellectu,
619 2051 785 2106 meantem
809 2041 890 2122 loqui
913 2043 950 2104 de
961 2042 1027 2104 idea
1039 2061 1114 2122 quac
1137 2061 1332 2123 nunqnam

211 2163 256 2216 est
283 2160 389 2214 extra
419 2152 612 2215 intellectum.
656 2153 760 2228 tanin,
796 2152 864 2233 quia
895 2152 962 2214 talis
984 2153 1049 2214 idea
1071 2152 1169 2216 solum
1197 2153 1334 2216 conci-

208 2265 419 2344 pitur„non
443 2271 531 2326 acto
555 2271 617 2339 est,
653 2263 811 2344 concipi
834 2263 956 2344 quidem
979 2270 1010 2324 at
1031 2263 1185 2324 causari
1209 2263 1333 2326 minime

208 2393 315 2454 posse,
346 2373 404 2438 boc
426 2381 471 2434 est
492 2393 607 2436 causa
631 2393 704 2436 non
728 2373 916 2453 indigere
938 2392 1006 2434 cur
1027 2382 1137 2436 extra
1167 2373 1335 2436 intelle·

211 2491 304 2546 ctum
328 2483 511 2558 exsistat,
536 2483 739 2562 quodlateor3
763 2484 816 2544 sed
839 2502 956 2544 cansa
979 2502 1071 2544 sane
1094 2483 1251 2562 indiget
1271 2501 1335 2548 cttr

214 2591 469 2670 concipiatur
491 2599 520 2652 et
543 2593 579 2652 de
601 2592 657 2652 hac
679 2592 740 2652 sola
764 2591 897 2669 quaestio
920 2599 976 2652 est.

299 2699 363 2760 lam
386 2719 480 2780 quum
501 2699 538 2762 ad
562 2700 913 2765 universamCartesii
937 2699 1220 2762 demonstrationem
1242 2703 1336 2784 respi-

215 2809 328 2886 cimus,
364 2810 423 2872 duo
456 2809 551 2892 prima
585 2810 683 2890 specie
712 2818 885 2891 argumenta
914 2828 981 2874 esse
1010 2810 1163 2886 videntur,
1208 2831 1335 2892 quorum

213 2920 338 2982 alterum
361 2920 398 2982 ad
429 2920 689 3000 cosmologici
718 2922 863 2984 tationem
893 2922 1146 2986 accommodatum
1169 2922 1206 2984 ab
1228 2926 1335 2988 ellectu

212 3031 269 3091 hoo
291 3038 337 3091 est
358 3030 423 3094 idea
447 3031 525 3094 entis
548 3050 665 3095 summe
686 3032 809 3112 perlecti
833 3031 862 3094 in
887 3041 985 3094 mente
1005 3032 1134 3096 bumana
1156 3034 1193 3096 ad
1216 3053 1335 3099 cauum

214 3140 388 3204 efficientem
411 3141 523 3204 scilicet
536 3142 629 3204 ileum
642 3162 709 3204 rere
721 3143 911 3205 exsistentem
924 3143 1067 3222 procedit,
1091 3133 1218 3206 alterum
1236 3153 1335 3208 autern

216 3251 486 3330 ontologicnm
517 3270 533 3311 e
563 3251 684 3316 notione
713 3252 768 3314 Dei
798 3253 874 3315 entis
904 3271 1021 3316 somme
1050 3254 1171 3332 perlecti
1199 3253 1264 3333 ajars
1287 3274 1337 3318 cx·

217 3359 382 3420 sistentiam
416 3359 577 3422 concludit.
630 3363 689 3425 Sed
719 3361 744 3424 si
774 3362 938 3432 accuratius
973 3363 1108 3434 animuin
1136 3365 1334 3440 advertamus,

217 3468 341 3532 alterum
365 3468 465 3548 potius
495 3477 702 3548 argumentum
732 3471 854 3534 alterius
876 3473 1036 3552 praemissa
1060 3482 1105 3537 est
1126 3474 1226 3554 itaque
1247 3476 1336 3538 ambo

216 3577 391 3641 anselmi
414 3579 696 3644 demonstrationem
720 3599 778 3645 non
802 3583 965 3649 formaliter
988 3592 1114 3658 tautum,
1139 3586 1191 3649 sed
1214 3605 1248 3651 re
1267 3607 1336 3650 rora

217 3688 306 3750 etiam
340 3690 482 3768 perficere
515 3697 544 3750 et
576 3691 752 3755 contirrnare
783 3693 928 3758 videntur.
975 3694 1075 3758 Primo
1108 3695 1187 3763 enirn
1221 3705 1335 3763 carium

218 3797 304 3860 nobis
337 3799 388 3860 liat
420 3807 553 3880 oportet,
589 3800 685 3864 ideam
708 3803 760 3866 [lei
794 3803 851 3867 boc
880 3813 927 3868 est
945 3805 1054 3869 summi
1078 3813 1110 3866 et
1128 3807 1337 3886 perfectissimi

217 3908 303 3983 entis,
329 3928 404 3988 quac
427 3910 518 4011 menti
541 3911 688 3977 humanae
712 3913 889 3978 naturaliter
909 3915 1054 3994 impressa
1077 3923 1107 3978 et
1128 3917 1213 3994 qnasi
1236 3917 1336 3980 innata

217 4027 260 4079 est
283 4037 342 4080 non
365 4019 497 4080 fictitiam
520 4020 565 4082 vel
587 4019 624 4082 ab
646 4021 798 4088 intellectu
819 4032 923 4086 nostro
946 4024 1140 4104 compositam
1163 4025 1215 4088 sed
1238 4044 1336 4090 vertam

217 4135 247 4188 et
268 4147 284 4188 a
306 4129 493 4210 cogitationis
515 4138 634 4192 nostrae
656 4140 762 4194 natura
785 4133 1011 4214 inseparabilem
1035 4145 1112 4196 csse.
1158 4135 1244 4206 Quod
1268 4137 1339 4198 Cor·

219 4237 310 4300 tesius
332 4237 370 4300 ita
394 4239 597 4301 demonstrare
621 4249 756 4316 conatur,
780 4249 915 4322 utqnum
939 4243 974 4304 do
997 4242 1063 4304 aliis
1085 4241 1175 4304 rebus
1197 4245 1342 4309 omuibus

219 4346 353 4409 dubitare
375 4349 525 4428 possimus
548 4358 677 4414 mentem
708 4351 755 4412 sui
777 4351 871 4432 ipsius
893 4351 1042 4414 consciam
1064 4352 1195 4432 primurn
1217 4371 1253 4416 ac
1274 4371 1339 4414 cer·
