3260 5058
667 414 1014 484 —tec—

284 591 383 656 indole
407 593 509 672 utique
531 595 685 670 conuenit,
720 595 834 658 ratione
857 597 988 674 exsistit,
1019 598 1076 660 hoc
1099 608 1144 661 est
1167 609 1316 678 tamquam
1338 617 1405 679 per,-

249 766 252 771 ,
284 703 379 784 ceptio
400 703 504 779 libera,
529 723 605 784 quae
626 723 642 766 a
665 705 854 768 subsistentia
878 727 933 770 sua
956 709 987 770 in
1006 727 1105 770 rerum
1129 718 1234 770 natura
1257 709 1355 770 differt
1377 717 1406 771 et

282 813 346 876 sola
368 823 465 876 mente
488 814 661 895 percipitur.
704 815 756 878 Sol
778 835 823 878 ex.
848 836 892 897 gr.
917 818 963 879 vel
985 819 1093 880 animal
1117 820 1267 899 perceptio
1291 826 1404 882 tantum

283 930 360 1000 cst,
395 943 455 986 non
488 943 558 986 vero
590 925 813 1005 perceptionem
846 927 986 1004 habet,
1020 928 1057 989 ab
1091 929 1128 990 iis
1161 930 1310 1009 perceptio
1344 950 1404 992 non

282 1034 466 1114 coneipitur,
501 1035 581 1116 quod
604 1037 733 1116 quidem·
747 1036 906 1100 discrimen
932 1056 990 1100 non
1014 1039 1094 1100 eadit
1116 1040 1146 1100 in
1169 1040 1268 1119 ipsum
1291 1041 1404 1117 solem;

282 1144 387 1206 sedin
412 1145 591 1208 conscientia
625 1147 733 1208 mentis
756 1146 787 1206 id
820 1147 898 1226 quod
933 1167 1001 1227 ego
1032 1149 1141 1210 dicitur
1170 1149 1233 1228 ipsa
1264 1159 1309 1211 est
1337 1171 1406 1230 per-

282 1237 379 1332 eeptio
402 1273 478 1332 quae
501 1255 629 1330 exsistit,
665 1256 815 1336 perceptio
838 1256 935 1336 qualis
958 1257 1023 1336 ipso
1054 1277 1108 1318 suo
1135 1258 1249 1338 judicio
1280 1279 1312 1321 re
1338 1280 1405 1322 vera

282 1362 420 1424 subsistit
441 1371 470 1424 et
493 1382 579 1443 ego,
603 1365 676 1426 haec
698 1383 762 1426 mea
785 1367 950 1446 perceptio,
976 1386 1029 1446 ego
1053 1387 1136 1444 sum,
1161 1369 1210 1448 qui
1234 1389 1304 1430 meo
1326 1379 1404 1435 certe

279 1471 394 1552 judicio
417 1472 538 1534 exsisto.
583 1474 676 1536 Nemo
706 1483 804 1536 eutem
833 1476 988 1538 hominum
1020 1496 1055 1538 eo
1078 1484 1235 1540 contentus
1258 1481 1400 1558 estquod

283 1600 337 1660 ego
358 1588 474 1645 tanturn
497 1583 546 1646 sit.
591 1583 668 1663 ldgo
699 1592 744 1645 est
770 1593 882 1646 ectus
911 1594 940 1646 et
962 1587 988 1646 is
1010 1587 1130 1666 quidem
1154 1588 1204 1666 qui
1227 1607 1311 1650 suem
1335 1589 1404 1650 sub-

283 1691 449 1755 sistentiam
472 1687 505 1754 in'
533 1711 634 1754 rerum
657 1700 765 1756 natura
787 1696 978 1776 conspicuam
1008 1683 1120 1776 ponere
1142 1717 1300 1776 veramque
1323 1707 1405 1760 extra

282 1803 442 1872 essentiam
475 1821 528 1864 seu
562 1803 914 1868 exsistentiam-efficere
947 1806 1032 1868 valet.
1077 1807 1228 1886 Ampliore
1261 1808 1340 1868 enim
1375 1819 1406 1870 et

282 1918 423 1976 concreto
452 1931 541 1974 sensu
572 1913 621 1974 hic
643 1921 727 1976 actus
750 1915 813 1995 ipse
836 1915 979 1994 cupido
1002 1924 1056 1978 est.
1103 1917 1208 1978 Omnis
1230 1926 1330 1980 autem
1353 1937 1405 1980 cu-

281 2021 392 2102 pidinis
414 2021 597 2102 impletio
619 2023 669 2084 hic
691 2043 847 2103 processus
871 2031 933 2100 est,
968 2044 1028 2104 quo
1051 2025 1242 2086 subsistentia
1266 2027 1317 2088 illa
1341 2030 1404 2092 sola

283 2139 383 2194 mente
405 2131 595 2210 percipienda
618 2132 732 2194 totlitur
753 2141 781 2194 et
804 2133 884 2212 quod
913 2134 996 2194 intus
1018 2141 1116 2200 mente
1139 2133 1302 2212 percipitur
1325 2147 1405 2200 extro

282 2241 442 2320 nosipsos
472 2249 505 2304 ut
527 2243 687 2305 essentiam
718 2243 743 2304 ei
774 2243 805 2304 in
835 2263 935 2306 rernm
965 2252 1068 2304 nature
1100 2243 1349 2322 conspicuamet
1371 2267 1403 2308 re

282 2369 349 2412 vera
382 2351 574 2413 exsistentem
607 2351 739 2413 tribuere
771 2353 869 2432 possis
901 2354 1024 2434 ponitur
1056 2352 1117 2413 sive
1150 2353 1337 2432 producitur,
1372 2354 1399 2414 is

282 2469 376 2537 actus,
401 2479 461 2541 quo
484 2460 694 2538 subsistentia,
726 2481 801 2541 qrrae
824 2463 886 2524 sola
909 2471 1007 2524 mente
1029 2463 1194 2544 percipitur
1215 2481 1344 2542 quaeque
1367 2463 1398 2522 in

282 2575 389 2634 sensus
413 2579 526 2634 tantum
549 2571 628 2634 cadit
649 2572 728 2635 inter
750 2592 782 2636 se
804 2574 1000 2635 conciliantur
1022 2581 1051 2634 et
1074 2557 1200 2652 ut'raque
1224 2572 1402 2634 subsistendi
1481 2659 1483 2662 Ι

281 2683 357 2746 ratio
391 2701 451 2744 non
485 2702 543 2744 uua
573 2684 671 2744 solum
702 2683 754 2746 sed
785 2685 864 2746 omni
895 2705 930 2746 ex
959 2692 1044 2764 perte
1071 2684 1184 2764 judicio
1211 2684 1402 2762 ponderatur.

282 2794 386 2873 ltaque
407 2793 581 2856 Anselmi
604 2803 683 2854 certe
706 2794 851 2882 sententia
875 2773 900 2854 si
923 2794 959 2853 ad
983 2813 1023 2854 ea
1046 2794 1224 2872 respicimus
1247 2793 1405 2871 quaein

282 2904 353 2966 illa
386 2904 644 2964 continentur
676 2921 761 2964 vera
795 2903 1107 2981 necessariaque
1140 2909 1203 2977 est;
1248 2903 1301 2962 sed
1324 2903 1404 2983 quod

282 3013 386 3076 attinet
415 3013 451 3074 ad
474 3001 641 3091 argumenti
664 3011 733 3072 inde
757 3011 877 3072 derivati
907 3012 1065 3072 sormam
1095 3011 1168 3070 baec
1197 3029 1268 3071 sene
1295 3011 1406 3092 imper·

282 3125 358 3186 tecte
381 3130 444 3198 est,
479 3122 557 3184 sicut
579 3131 608 3183 et
631 3121 743 3202 priores
772 3140 847 3200 qnae
869 3121 906 3182 ed
928 3119 981 3181 Dei
1012 3121 1232 3200 perceptionem
1261 3121 1406 3184 exsisten-

282 3233 413 3313 tiemque
442 3233 658 3296 conciliandam
688 3231 930 3312 proponebantur
958 3230 1099 3292 rationes.
1147 3231 1225 3292 Haec
1247 3251 1406 3312 percep·

283 3343 407 3406 tionis
430 3350 466 3404 et
488 3343 692 3404 essentiae
714 3343 805 3404 unio
829 3341 939 3404 sumtio
961 3349 1022 3418 est;
1047 3341 1099 3402 sed
1122 3341 1153 3402 in
1176 3361 1211 3402 eo
1235 3342 1300 3421 ipso
1323 3341 1403 3420 quod
1443 3385 1445 3388 -

283 3472 343 3519 nen
368 3453 425 3514 nisi
448 3454 556 3514 sumtio
586 3459 633 3514 est
654 3447 820 3532 argumenti
851 3453 984 3514 detectus
1012 3452 1255 3532 deprehenditur.
1302 3453 1404 3530 Itaque

283 3563 385 3642 quod
409 3562 557 3625 nultum
580 3562 738 3622 omnino
760 3563 867 3624 inter
888 3562 1186 3642 perceptionem
1210 3561 1405 3632 exsisten÷

284 3672 456 3750 tiamque
489 3671 703 3732 discrimen
736 3671 958 3732 intercedit
989 3671 1046 3732 hue
1079 3672 1116 3732 de
1145 3672 1220 3732 Deo
1253 3677 1403 3732 tantum

283 3781 377 3857 vaiet3
401 3780 684 3842 determinatio
708 3799 834 3842 rerum
858 3781 887 3841 in
911 3800 945 3841 eo
969 3780 1122 3856 consistit,
1151 3781 1230 3861 quod
1253 3781 1404 3860 perceptio

283 3902 314 3954 et
335 3889 533 3972 perceptionis
562 3889 696 3954 definitio
726 3897 757 3952 et
785 3889 985 3970 perceptionis
1015 3892 1179 3952 secundum
1202 3891 1404 3952 definitionem

284 4002 457 4066 exsistentia
490 4001 568 4064 inter
597 4021 629 4064 se
659 4001 811 4064 diflerunt.
865 4002 1099 4064 Determinatum
1131 4009 1193 4078 est,
1229 4001 1307 4081 quod
1337 4018 1405 4079 per-

284 4111 413 4191 ceptioni
436 4131 508 4174 sune
530 4112 574 4174 vel
595 4111 696 4192 potius
708 4109 892 4191 perceptioni
904 4111 1040 4174 absolute
1055 4112 1149 4174 dictae
1161 4130 1221 4172 non
1233 4110 1414 4190 respondet..

286 4221 336 4284 Sic
365 4221 472 4284 modus
502 4242 560 4302 quo
589 4222 739 4303 perceptio
772 4221 944 4284 scientia
977 4222 1119 4303 recipitur
1152 4221 1314 4300 explicatus
1348 4227 1402 4282 est.

286 4330 536 4396 Corrsiderabatur
564 4342 662 4397 autem
693 4331 815 4394 scientia
839 4332 924 4409 Dei,
959 4341 1038 4394 certa
1068 4331 1189 4394 omnino
1212 4331 1249 4393 de
1271 4331 1334 4392 Deo
1357 4349 1405 4392 ex·
