3236 5076
703 449 786 458 ....
842 411 887 478 ¹2
940 445 1023 457 ..--

304 591 422 671 probes,
447 591 526 669 quod
549 591 619 653 boni
643 591 752 654 summi
776 609 924 654 summum
937 591 1030 654 iteum
1048 591 1176 653 diximus
1198 605 1264 652 esse
1286 590 1428 670 pienissi-

304 719 395 762 mum.
441 699 588 774 Quonam,
613 699 721 780 inquit,
746 699 859 762 modo?
893 699 935 762 Ne
954 700 1034 762 hune
1050 719 1149 763 rerum
1167 699 1299 762 omnium
1311 708 1426 780 patrem

304 827 453 872 summum
476 810 669 891 bonumque
691 810 798 890 plenus
821 829 887 872 esse
909 809 1082 890 perhibetur
1105 810 1149 871 uel
1172 809 1427 872 extrinsecus

304 920 510 1000 aeoepisso
540 921 583 982 vei
614 920 668 982 ita
699 919 945 982 naturaliter
972 919 1117 981 babere
1144 937 1317 999 praesumas
1339 917 1425 998 quasi

304 1027 490 1092 habentis
524 1029 590 1092 [tei
634 1029 875 1110 habitaeque
917 1029 1187 1092 beatitudinis
1232 1029 1427 1090 diversam

305 1139 416 1216 cogites
438 1157 503 1200 esso
526 1137 802 1200 substantiam.
846 1139 920 1200 Nam
944 1138 968 1200 si
995 1138 1250 1200 extrinsecus
1272 1145 1426 1217 acceptum

306 1255 401 1328 putes,
426 1247 624 1327 praestantius
647 1249 675 1310 id
699 1249 777 1329 quod
801 1248 915 1310 dederit
939 1267 974 1310 eo
996 1248 1077 1328 quod
1093 1248 1240 1328 occeperit
1258 1247 1427 1308 existimem

306 1356 413 1436 possis.
461 1355 519 1418 Sed
544 1355 624 1418 herne
652 1375 718 1420 esse
747 1375 847 1420 rerum
878 1357 1012 1420 omnium
1038 1357 1355 1438 praecellentissimum
1381 1356 1428 1418 di-

305 1465 447 1544 guissimo
480 1467 665 1529 eonfitemur.
712 1465 827 1538 Quodsi
861 1473 1000 1528 nature
1036 1467 1155 1547 quidem
1185 1467 1263 1528 inest
1284 1467 1337 1528 sed
1367 1485 1428 1528 ra·

307 1576 415 1637 tione
445 1575 646 1638 diversum
676 1595 766 1656 quum
801 1575 838 1638 de
866 1593 965 1640 rerum
992 1576 1140 1656 principio
1169 1576 1327 1656 loquamur
1353 1577 1426 1652 beo,

306 1687 397 1765 huget
418 1685 485 1767 quis
507 1693 616 1767 potest,
640 1685 692 1767 qui
714 1686 787 1748 haee
809 1685 922 1748 diversa
945 1686 1142 1766 conjunxerit.
1177 1686 1332 1748 Postremo
1347 1685 1428 1765 quod

305 1815 320 1856 e
345 1793 478 1874 (qualibet
500 1815 531 1858 re
554 1795 704 1860 diversum
727 1805 786 1871 est,
811 1795 840 1858 id
864 1813 923 1858 non
947 1802 994 1858 est
1015 1795 1104 1869 iliud,
1129 1813 1145 1857 a
1168 1813 1228 1874 quo
1251 1795 1429 1874 intelligitur

307 1923 372 1966 esse
402 1905 560 1966 diversum
609 1907 708 1977 Quare
737 1906 816 1986 quod
847 1925 862 1966 a
894 1909 1011 1970 summo'
1040 1905 1120 1966 bono
1143 1906 1291 1966 diversum
1314 1913 1359 1966 est
1380 1904 1428 1968 eui

308 2021 429 2088 uatum,
465 2013 494 2073 id
525 2031 674 2076 summum
702 2014 813 2076 bouum
844 2031 904 2075 non
935 2021 998 2085 est,
1034 2014 1114 2094 quod
1137 2014 1219 2076 netas
1241 2025 1287 2075 est
1308 2015 1345 2076 de
1366 2015 1428 2076 heo

307 2123 453 2202 cogitare,
491 2141 551 2202 quo
585 2123 659 2184 nihii
690 2131 805 2184 constat
836 2141 902 2184 esse
931 2125 1139 2204 praestantius.
1189 2123 1319 2186 Omnino
1348 2125 1428 2186 enim

308 2231 420 2296 nullius
443 2232 486 2294 rei
510 2241 613 2295 natura
636 2251 691 2294 suo
714 2233 860 2314 principio
885 2233 991 2294 melior
1012 2235 1121 2314 poterit
1142 2235 1301 2310 exsistere,
1336 2253 1430 2313 quare

308 2343 387 2422 equod
411 2343 543 2404 omnium
568 2343 746 2423 principium
770 2343 825 2418 sit,
861 2343 890 2406 id
914 2343 1001 2406 etiam
1024 2344 1071 2408 sui
1094 2343 1257 2406 substantia
1279 2363 1429 2408 summum

309 2472 375 2513 esse
398 2452 509 2516 bonum
531 2453 683 2516 verissima
706 2453 819 2516 rationo
843 2453 1053 2516 concluserim.

395 2563 457 2636 Qua
492 2564 743 2628 demonstratione
776 2565 960 2628 considerata
999 2583 1054 2626 neo
1084 2564 1307 2638 Boethium,
1354 2562 1432 2624 siout

309 2674 408 2754 paullo
430 2683 517 2736 anteo
540 2675 576 2736 de
598 2675 817 2754 Augustino
837 2675 1031 2755 judicandum
1055 2663 1245 2746 nobis'erat‚
1280 2673 1376 2734 Deum
1398 2690 1431 2733 re

310 2803 374 2844 vera
399 2784 540 2844 exsistere
569 2793 743 2861 argumento
773 2801 828 2846 suo
860 2785 1001 2864 probasse
1024 2803 1079 2846 neo
1104 2783 1285 2864 praeclaram
1308 2801 1380 2844 saue
1402 2790 1433 2842 et

309 2891 503 2953 aeiuriratioue
533 2891 738 2970 dignissimam
768 2893 1051 2955 demonstrationem
1082 2894 1196 2954 ratione
1220 2911 1285 2954 vere
1316 2891 1433 2952 ontoio-

309 3001 372 3080 giea
407 3001 461 3062 uiti
495 3000 579 3062 iaeile
612 3010 744 3081 apparet.
789 3003 964 3067 Rectissime
998 3002 1119 3082 quidem
1149 3002 1346 3084 philosophus
1376 3021 1432 3062 nos

310 3111 473 3192 imperieeti
515 3111 685 3192 fragilisque
719 3111 789 3174 boui
831 3113 983 3175 notionem
1019 3112 1075 3174 uisi
1109 3112 1217 3174 summi
1250 3111 1433 3190 perfectique

310 3223 379 3284 boui
414 3223 509 3286 ideam
545 3222 721 3286 haberemus
755 3231 853 3286 mente
886 3222 999 3304 pereipi
1033 3241 1093 3286 nou
1122 3241 1210 3302 posse
1236 3223 1429 3296 demonstrat,

302 3334 378 3412 ,quia
403 3334 427 3396 si
452 3335 482 3396 in
506 3333 640 3414 quolibet
661 3351 761 3396 rerum
788 3351 896 3414 genere
926 3335 1132 3413 imperieetum
1161 3332 1272 3410 aliquid
1303 3341 1365 3407 est,
1401 3331 1431 3390 id

311 3443 507 3506 diminutione
537 3453 650 3506 tantum
674 3443 783 3506 summi
812 3444 995 3523 perfectique
1018 3445 1222 3524 imperfectum
1245 3461 1310 3504 esse
1334 3442 1433 3522 perhi-

311 3552 407 3615 betur.
455 3553 511 3612 Sed
543 3553 692 3630 quomodo
722 3554 791 3614 inde
814 3561 1007 3631 sequeretur,
1042 3552 1122 3630 quod
1151 3552 1216 3628 ipse
1242 3552 1321 3614 ouo
1350 3571 1432 3614 sunr-

311 3677 391 3720 nxum
418 3659 527 3722 bornum
551 3661 605 3735 sit,
639 3661 696 3721 nisi
719 3663 812 3722 Deum
836 3671 902 3720 vere
925 3660 1066 3720 exsistere
1088 3668 1118 3720 et
1139 3679 1288 3724 summum
1312 3662 1431 3741 quidem

312 3769 443 3832 omnium
468 3787 566 3831 rerum
590 3770 769 3850 principium
801 3787 866 3830 esse
888 3777 972 3830 autea
1000 3769 1061 3848 jam
1085 3770 1159 3832 ratio
1182 3789 1237 3832 nos
1259 3770 1431 3834 docuisset?

303 3879 475 3943 bibendum
505 3879 595 3960 igitur
624 3887 719 3952 esset,
754 3879 780 3940 si
810 3895 961 3940 summum
986 3879 1077 3942 herrm
1100 3899 1166 3943 esse
1189 3881 1322 3960 quolibet
1345 3882 1432 3944 ratio-

312 3989 429 4053 cinandi
453 3990 541 4051 modo
563 4007 737 4071 persuasum
762 3989 948 4064 haberemus,
975 3998 1035 4052 tum
1059 3992 1147 4054 etiam
1171 4009 1321 4054 summum
1342 3992 1372 4052 in
1396 4011 1431 4052 eo

312 4101 422 4162 borium
446 4100 647 4161 cohibendum
670 4099 862 4175 nobismori,
892 4117 947 4176 ue,
976 4109 1008 4162 ut
1030 4101 1094 4182 ipse
1117 4101 1258 4162 boethius
1281 4101 1369 4175 dicit,
1401 4100 1431 4162 iu

312 4209 459 4271 inhnitum
484 4210 559 4270 ratio
583 4210 732 4290 procedat,
756 4211 835 4290 quod
847 4211 883 4272 ad
896 4220 1102 4292 argumentum
1126 4210 1431 4290 cosmologieum

313 4320 435 4404 propius
458 4320 597 4381 secedere
621 4321 744 4383 videtur.
781 4320 842 4382 Hoe
863 4321 942 4384 enim
961 4328 1167 4400 argumentum
1187 4339 1221 4381 ex
1245 4321 1430 4382 fortuitarum
