3236 5076
691 447 1012 514 -52.„-

288 647 489 691 commune
522 647 603 690 cum
637 647 676 690 se
710 627 876 690 invicem
907 615 1051 688 babent
1079 643 1148 708 per
1176 627 1412 689 seinvicem

287 737 469 820 intelligi
501 757 574 800 non
604 745 775 820 possunt
800 738 861 800 sive
890 715 1052 818 conceptus
1082 737 1173 798 unius
1195 737 1319 799 alterius
1341 756 1413 799 con-

287 855 407 931 ceptum
430 867 490 910 non
519 847 649 910 involvit.
701 847 737 908 Vl
770 847 858 909 ldca
891 865 978 908 vera
1012 846 1131 908 debet
1162 865 1244 908 cum
1278 846 1412 909 ideato

287 977 357 1021 suo
390 957 616 1020 convenire.
671 957 721 1018 vlt
765 955 966 1037 Quidquid
1010 965 1051 1018 ut
1094 973 1169 1018 nou
1209 957 1412 1020 exsistens

286 1075 419 1151 potest
440 1067 615 1148 concipi,
640 1067 722 1148 ejus
744 1068 919 1130 essentia
941 1085 1017 1128 nou
1039 1065 1208 1128 involvit
1228 1067 1412 1129 exsisten-

288 1177 390 1241 tiam.
436 1179 609 1258 Sequuntur
631 1177 950 1257 propositiones.
996 1177 1272 1239 lSubstantia
1301 1178 1412 1258 prior

287 1296 348 1350 est
369 1295 510 1350 natura
534 1287 618 1349 suis
645 1287 949 1349 allectionibus.
995 1287 1233 1349 Demonstratio:
1267 1295 1348 1367 patet
1376 1307 1411 1350 cx

287 1397 460 1460 delinitione
482 1393 502 1458 3
525 1405 555 1458 ct
575 1395 606 1459 5.
652 1397 679 1458 ll
701 1397 805 1458 Duae
834 1396 1091 1459 substantiae
1114 1398 1273 1459 diversa
1296 1399 1410 1460 attri-

286 1507 378 1572 buta
401 1507 596 1570 babentes
618 1506 721 1568 nibil
744 1506 851 1569 inter
872 1525 914 1568 se
936 1525 1136 1570 commune
1159 1507 1314 1569 babent.
1348 1509 1407 1568 lle-

285 1619 477 1693 monstratio.
513 1628 593 1700 patet
614 1619 701 1682 ctiam
725 1637 761 1681 ex
782 1617 893 1681 delinit.
939 1615 969 1681 3.
1003 1619 1201 1699 Unaquaeque
1223 1618 1351 1680 enimin
1373 1635 1405 1680 sc

286 1729 375 1792 debet
404 1749 469 1792 esse
497 1738 526 1793 ct
554 1749 609 1810 per
638 1748 670 1792 se
700 1729 787 1792 debet
816 1729 932 1810 concipi
955 1727 1016 1792 sive
1042 1737 1205 1810 conceptus
1227 1730 1316 1791 unius
1337 1747 1407 1791 con-

283 1849 404 1921 ceptum
425 1841 547 1902 alterius
563 1859 623 1901 non
640 1839 770 1901 involvit.
816 1839 857 1901 Ill
879 1841 982 1912 chae
1004 1858 1066 1902 res
1090 1839 1192 1900 nibil
1215 1823 1409 1902 commune

285 1951 392 2012 inter
424 1967 463 2010 se
495 1949 658 2024 babent,
694 1967 825 2011 earum
860 1969 931 2012 una
964 1949 1137 2012 alterius
1170 1968 1288 2012 causa
1322 1969 1410 2012 csse

285 2078 360 2121 non
382 2067 524 2140 potest.
559 2059 796 2120 Demonstrabo:
820 2059 845 2120 si
868 2059 943 2120 nibil
966 2079 1123 2122 commune
1145 2060 1224 2121 inter
1245 2080 1278 2122 se
1300 2060 1411 2123 babent

285 2189 357 2250 ergo
381 2173 449 2250 (per
470 2169 584 2230 axioma
607 2167 641 2243 5)
665 2187 721 2230 nec
742 2187 797 2248 per
818 2187 850 2230 se
872 2169 998 2232 invicem
1026 2181 1153 2250 possunt
1174 2169 1297 2250 intelligi
1321 2171 1411 2232 adeo·

285 2298 344 2360 que
367 2275 590 2360 (perexiomd)
613 2297 671 2340 una
691 2278 813 2340 alterius
833 2297 919 2340 causa
940 2297 1084 2341 essenon
1104 2287 1211 2360 potest.
1257 2281 1294 2342 1v
1315 2281 1410 2343 Duae

284 2395 351 2450 aut
371 2389 508 2470 plures
530 2405 592 2448 res
614 2388 674 2449 vel
697 2389 803 2450 inter
825 2407 865 2450 se
888 2389 1196 2470 distinguuntur
1217 2409 1259 2451 cx
1281 2391 1410 2452 diver·

285 2499 407 2560 sitate
439 2497 727 2560 attributorum
757 2498 1079 2561 substantiarum
1112 2498 1172 2560 vel
1201 2517 1244 2560 ex
1277 2499 1408 2561 diver-

284 2607 406 2671 sitate
429 2609 640 2671 earundem
662 2610 935 2672 affectionum.
960 2609 1196 2671 Demonstratic:
1221 2610 1319 2671 omnia
1332 2629 1408 2690 quae

283 2728 355 2782 suut
382 2720 428 2780 vel
457 2720 488 2781 in
519 2739 551 2781 se
579 2720 625 2780 vel
655 2719 685 2781 in
716 2719 773 2781 alio
803 2728 873 2781 suut
903 2725 971 2800 (per
992 2721 1088 2782 axium
1113 2718 1158 2794 l.)
1189 2719 1246 2780 hoc
1273 2728 1318 2781 est
1340 2725 1408 2800 (pur

284 2829 387 2891 definit
409 2827 428 2892 3
448 2839 477 2891 ct
495 2829 529 2906 5)
554 2837 635 2890 entra
658 2830 840 2891 intellectum
863 2831 939 2891 nibil
961 2831 1050 2892 datur
1071 2821 1188 2910 praeter
1209 2829 1405 2892 substantiam

283 2939 408 3020 ejusque
446 2939 627 3000 allectiones.
680 2937 760 3000 Nibil
790 2957 861 3019 ergo
891 2947 970 3001 extra
1000 2940 1181 3002 intellectum
1212 2941 1316 3015 datur,
1352 2959 1407 3019 per

282 3050 362 3130 quod
384 3047 485 3130 plures
514 3067 563 3110 res
592 3049 735 3128 distingui
765 3049 844 3110 inter
872 3067 905 3110 se
934 3057 1062 3129 possunt
1084 3060 1201 3129 practer
1222 3049 1405 3112 substautias

282 3159 343 3220 sire
365 3159 445 3240 quod
475 3159 553 3222 idem
583 3169 629 3222 est
660 3163 729 3239 (per
750 3159 853 3220 definit
874 3156 910 3233 4)
941 3177 1042 3220 earum
1072 3161 1211 3221 attributa
1242 3179 1404 3239 earumque

281 3270 461 3332 affectiones.
497 3269 520 3330 V
541 3269 582 3331 ln
605 3287 733 3332 rerum
755 3277 894 3331 natura
917 3289 991 3330 non
1014 3279 1184 3350 possunt
1206 3270 1291 3332 dari
1314 3270 1404 3332 duce

281 3387 347 3442 aut
368 3380 505 3462 plures
527 3379 779 3442 substantiae
802 3377 978 3460 ejusdem
1001 3386 1167 3440 naturae
1190 3379 1272 3441 sive
1294 3381 1401 3442 attri-

280 3489 375 3550 buti.
421 3490 659 3552 Domonstratio:
695 3489 720 3550 si
750 3491 895 3552 darentur
923 3491 1024 3570 plures
1053 3489 1226 3564 distinctae,
1262 3490 1404 3552 deberent

196 3665 198 3669 ,
280 3597 358 3659 inter
380 3618 412 3658 se
442 3597 586 3678 distingui
616 3599 661 3660 vel
684 3617 719 3660 ex
750 3599 918 3661 diversitate
940 3599 1151 3660 attributorum
1182 3600 1227 3660 vel
1250 3619 1285 3660 ex
1307 3601 1403 3662 divar·

280 3709 365 3769 sitate
388 3709 576 3768 allectiouum
600 3713 669 3788 (per
690 3709 923 3790 propositionem
946 3709 1196 3788 praecedentem).
1233 3710 1264 3771 Si
1288 3718 1402 3771 tantum

234 3899 237 3906 Ι
280 3837 315 3880 cx
346 3817 515 3880 diversitate
545 3819 773 3893 attributorum,
809 3818 1005 3894 concedetur,
1040 3837 1101 3880 non
1132 3819 1195 3880 dari
1225 3819 1283 3881 uisi
1311 3837 1401 3880 unam
1460 3830 1462 3834 ’

280 3927 415 4010 ejusdcm
437 3927 583 3991 attributi.
627 3931 663 3992 tt
685 3929 710 3990 si
733 3948 768 3990 ex
790 3928 957 3990 diversitate
979 3928 1188 4005 affectionum,
1213 3947 1306 4008 quum
1329 3928 1401 3992 sob-

280 4038 386 4100 stantia
410 4047 514 4100 natura
539 4039 578 4100 sit
599 4040 681 4119 prior
703 4039 766 4100 suis
788 4037 994 4100 allectionibus
1018 4042 1087 4119 (per
1109 4039 1244 4118 proposit
1267 4037 1325 4114 l.)‚
1350 4039 1401 4100 dc·

279 4149 384 4230 positis
407 4169 477 4228 ergo
507 4149 711 4210 allectionibus
734 4157 764 4210 et
792 4147 823 4209 in
847 4167 879 4210 se
901 4149 1085 4211 considerata
1113 4149 1170 4210 boc
1192 4157 1237 4209 est
1260 4155 1328 4228 (per
1350 4149 1401 4210 dc-

279 4256 417 4322 unit3ct
428 4257 461 4334 6)
486 4277 552 4321 vore
568 4260 749 4321 considerata
771 4277 831 4321 uon
850 4261 960 4340 poterit
978 4261 1094 4340 concipi
1110 4259 1147 4320 ab
1166 4259 1222 4320 alia
1243 4259 1397 4341 distingui,

279 4367 336 4432 boo
358 4377 402 4430 est
425 4373 493 4450 (per
514 4389 634 4450 propos.
665 4373 778 4451 praec.)
802 4387 862 4431 non
892 4377 1033 4450 poterunt
1055 4369 1118 4430 dari
1141 4369 1243 4450 plures
1266 4371 1317 4432 scd
1340 4389 1398 4432 uua
