<?xml version="1.0" encoding="UTF-8"?>
<!DOCTYPE html PUBLIC "-//W3C//DTD XHTML 1.0 Transitional//EN"
    "http://www.w3.org/TR/xhtml1/DTD/xhtml1-transitional.dtd">
<html xmlns="http://www.w3.org/1999/xhtml" xml:lang="en" lang="en">
 <head>
  <title>
</title>
<meta http-equiv="Content-Type" content="text/html;charset=utf-8" />
  <meta name='ocr-system' content='tesseract 3.04.00' />
  <meta name='ocr-capabilities' content='ocr_page ocr_carea ocr_par ocr_line ocrx_word'/>
</head>
<body>
  <div class='ocr_page' id='page_1' title='image "./deontologicopro00waltgoog_0079.png"; bbox 0 0 3260 5058; ppageno 0'>
   <div class='ocr_carea' id='block_1_1' title="bbox 701 434 1021 504">
    <p class='ocr_par' dir='ltr' id='par_1_1' title="bbox 701 434 1021 504">
     <span class='ocr_line' id='line_1_1' title="bbox 701 434 1021 504; baseline -0.003 -21"><span class='ocrx_word' id='word_1_1' title='bbox 701 434 1021 504; x_wconf 52' lang='lat' dir='ltr'><strong>„qq-</strong></span> 
     </span>
    </p>
   </div>
   <div class='ocr_carea' id='block_1_2' title="bbox 299 613 1422 806">
    <p class='ocr_par' dir='ltr' id='par_1_2' title="bbox 299 613 1422 806">
     <span class='ocr_line' id='line_1_2' title="bbox 299 613 1421 696; baseline -0.004 -18"><span class='ocrx_word' id='word_1_2' title='bbox 299 625 384 678; x_wconf 91' lang='lat' dir='ltr'><strong>antea</strong></span> <span class='ocrx_word' id='word_1_3' title='bbox 407 635 466 678; x_wconf 90' lang='lat' dir='ltr'><strong>non</strong></span> <span class='ocrx_word' id='word_1_4' title='bbox 491 615 652 690; x_wconf 88' lang='lat' dir='ltr'><strong>exstiterit,</strong></span> <span class='ocrx_word' id='word_1_5' title='bbox 684 623 901 696; x_wconf 78' lang='lat' dir='ltr'><strong>consequenter</strong></span> <span class='ocrx_word' id='word_1_6' title='bbox 922 633 983 676; x_wconf 91' lang='lat' dir='ltr'><strong>non</strong></span> <span class='ocrx_word' id='word_1_7' title='bbox 1006 613 1190 694; x_wconf 87' lang='lat' dir='ltr'><strong>impossibile</strong></span> <span class='ocrx_word' id='word_1_8' title='bbox 1213 621 1275 690; x_wconf 89' lang='lat' dir='ltr'><strong>est,</strong></span> <span class='ocrx_word' id='word_1_9' title='bbox 1307 621 1340 674; x_wconf 91' lang='lat' dir='ltr'><strong>nt</strong></span> <span class='ocrx_word' id='word_1_10' title='bbox 1362 631 1421 674; x_wconf 91' lang='lat' dir='ltr'><strong>noo</strong></span> 
     </span>
     <span class='ocr_line' id='line_1_3' title="bbox 300 723 1422 806; baseline -0.004 -18"><span class='ocrx_word' id='word_1_11' title='bbox 300 727 437 803; x_wconf 82' lang='lat' dir='ltr'><strong>exsistat3</strong></span> <span class='ocrx_word' id='word_1_12' title='bbox 462 727 541 806; x_wconf 90' lang='lat' dir='ltr'><strong>quod</strong></span> <span class='ocrx_word' id='word_1_13' title='bbox 565 744 656 806; x_wconf 91' lang='lat' dir='ltr'><strong>quum</strong></span> <span class='ocrx_word' id='word_1_14' title='bbox 681 733 828 806; x_wconf 81' lang='lat' dir='ltr'><strong>repugnet</strong></span> <span class='ocrx_word' id='word_1_15' title='bbox 850 724 1244 786; x_wconf 83' lang='lat' dir='ltr'><strong>demonstratis-absurdum</strong></span> <span class='ocrx_word' id='word_1_16' title='bbox 1268 731 1314 784; x_wconf 93' lang='lat' dir='ltr'><strong>est</strong></span> <span class='ocrx_word' id='word_1_17' title='bbox 1335 723 1422 784; x_wconf 90' lang='lat' dir='ltr'><strong>adeo-</strong></span> 
     </span>
    </p>
   </div>
   <div class='ocr_carea' id='block_1_3' title="bbox 299 833 1519 916">
    <p class='ocr_par' dir='ltr' id='par_1_3' title="bbox 299 833 1519 916">
     <span class='ocr_line' id='line_1_4' title="bbox 299 833 1519 916; baseline -0.004 -18"><span class='ocrx_word' id='word_1_18' title='bbox 299 856 357 916; x_wconf 86' lang='lat' dir='ltr'><strong>que</strong></span> <span class='ocrx_word' id='word_1_19' title='bbox 390 855 444 898; x_wconf 90' lang='lat' dir='ltr'><strong>ens</strong></span> <span class='ocrx_word' id='word_1_20' title='bbox 473 854 545 898; x_wconf 93' lang='lat' dir='ltr'><strong>ase</strong></span> <span class='ocrx_word' id='word_1_21' title='bbox 574 835 689 896; x_wconf 92' lang='lat' dir='ltr'><strong>nullum</strong></span> <span class='ocrx_word' id='word_1_22' title='bbox 724 834 883 896; x_wconf 90' lang='lat' dir='ltr'><strong>exsistendi</strong></span> <span class='ocrx_word' id='word_1_23' title='bbox 917 834 1036 894; x_wconf 90' lang='lat' dir='ltr'><strong>initium</strong></span> <span class='ocrx_word' id='word_1_24' title='bbox 1070 833 1168 894; x_wconf 85' lang='grc'>1111111.</span> <span class='ocrx_word' id='word_1_25' title='bbox 1224 833 1301 894; x_wconf 82' lang='lat' dir='ltr'><strong>llus</strong></span> <span class='ocrx_word' id='word_1_26' title='bbox 1334 852 1350 894; x_wconf 92' lang='lat' dir='ltr'><strong>a</strong></span> <span class='ocrx_word' id='word_1_27' title='bbox 1384 852 1423 894; x_wconf 91' lang='lat' dir='ltr'><strong>se</strong></span> <span class='ocrx_word' id='word_1_28' title='bbox 1512 863 1519 872; x_wconf 86' lang='lat'><em>·</em></span> 
     </span>
    </p>
   </div>
   <div class='ocr_carea' id='block_1_4' title="bbox 299 943 1423 1244">
    <p class='ocr_par' dir='ltr' id='par_1_4' title="bbox 299 943 1423 1244">
     <span class='ocr_line' id='line_1_5' title="bbox 299 943 1422 1023; baseline -0.003 -17"><span class='ocrx_word' id='word_1_29' title='bbox 299 945 451 1007; x_wconf 90' lang='lat' dir='ltr'><strong>nullum</strong></span> <span class='ocrx_word' id='word_1_30' title='bbox 474 944 698 1008; x_wconf 89' lang='lat' dir='ltr'><strong>exsistendi</strong></span> <span class='ocrx_word' id='word_1_31' title='bbox 727 944 845 1006; x_wconf 91' lang='lat' dir='ltr'><strong>linem</strong></span> <span class='ocrx_word' id='word_1_32' title='bbox 876 943 1001 1004; x_wconf 88' lang='lat' dir='ltr'><strong>habet.</strong></span> <span class='ocrx_word' id='word_1_33' title='bbox 1048 943 1198 1004; x_wconf 87' lang='lat' dir='ltr'><strong>Ponamus</strong></span> <span class='ocrx_word' id='word_1_34' title='bbox 1221 943 1301 1004; x_wconf 91' lang='lat' dir='ltr'><strong>enim</strong></span> <span class='ocrx_word' id='word_1_35' title='bbox 1323 943 1422 1023; x_wconf 80' lang='lat' dir='ltr'><strong>ipsunt</strong></span> 
     </span>
     <span class='ocr_line' id='line_1_6' title="bbox 299 1053 1421 1134; baseline -0.003 -17"><span class='ocrx_word' id='word_1_36' title='bbox 299 1055 409 1117; x_wconf 88' lang='lat' dir='ltr'><strong>habere</strong></span> <span class='ocrx_word' id='word_1_37' title='bbox 432 1055 592 1118; x_wconf 91' lang='lat' dir='ltr'><strong>exsistendi</strong></span> <span class='ocrx_word' id='word_1_38' title='bbox 615 1056 715 1116; x_wconf 87' lang='lat' dir='ltr'><strong>finem.</strong></span> <span class='ocrx_word' id='word_1_39' title='bbox 760 1054 825 1114; x_wconf 90' lang='lat' dir='ltr'><strong>Non</strong></span> <span class='ocrx_word' id='word_1_40' title='bbox 849 1053 942 1132; x_wconf 85' lang='lat' dir='ltr'><strong>igitur</strong></span> <span class='ocrx_word' id='word_1_41' title='bbox 964 1053 1138 1133; x_wconf 84' lang='lat' dir='ltr'><strong>simpliciter</strong></span> <span class='ocrx_word' id='word_1_42' title='bbox 1160 1053 1344 1134; x_wconf 89' lang='lat' dir='ltr'><strong>impossibile</strong></span> <span class='ocrx_word' id='word_1_43' title='bbox 1367 1061 1421 1130; x_wconf 87' lang='lat' dir='ltr'><strong>est,</strong></span> 
     </span>
     <span class='ocr_line' id='line_1_7' title="bbox 299 1163 1423 1244; baseline -0.003 -17"><span class='ocrx_word' id='word_1_44' title='bbox 299 1176 333 1227; x_wconf 90' lang='lat' dir='ltr'><strong>ut</strong></span> <span class='ocrx_word' id='word_1_45' title='bbox 355 1184 409 1228; x_wconf 90' lang='lat' dir='ltr'><strong>ens</strong></span> <span class='ocrx_word' id='word_1_46' title='bbox 431 1186 447 1227; x_wconf 90' lang='lat' dir='ltr'><strong>a</strong></span> <span class='ocrx_word' id='word_1_47' title='bbox 471 1185 502 1227; x_wconf 90' lang='lat' dir='ltr'><strong>se</strong></span> <span class='ocrx_word' id='word_1_48' title='bbox 525 1185 584 1226; x_wconf 94' lang='lat' dir='ltr'><strong>noo</strong></span> <span class='ocrx_word' id='word_1_49' title='bbox 608 1165 740 1240; x_wconf 88' lang='lat' dir='ltr'><strong>exsistat,</strong></span> <span class='ocrx_word' id='word_1_50' title='bbox 765 1172 982 1244; x_wconf 86' lang='lat' dir='ltr'><strong>consequenter</strong></span> <span class='ocrx_word' id='word_1_51' title='bbox 993 1163 1163 1224; x_wconf 90' lang='lat' dir='ltr'><strong>exsistentia</strong></span> <span class='ocrx_word' id='word_1_52' title='bbox 1180 1163 1246 1243; x_wconf 85' lang='lat' dir='ltr'><strong>ejus</strong></span> <span class='ocrx_word' id='word_1_53' title='bbox 1258 1163 1423 1224; x_wconf 77' lang='lat' dir='ltr'><strong>necessaria</strong></span> 
     </span>
    </p>
   </div>
   <div class='ocr_carea' id='block_1_5' title="bbox 174 1269 1504 1374">
    <p class='ocr_par' dir='ltr' id='par_1_5' title="bbox 174 1269 1504 1374">
     <span class='ocr_line' id='line_1_8' title="bbox 174 1269 1504 1374; baseline -0.005 -36"><span class='ocrx_word' id='word_1_54' title='bbox 174 1362 180 1374; x_wconf 33' lang='grc' dir='ltr'>ι</span> <span class='ocrx_word' id='word_1_55' title='bbox 299 1294 360 1340; x_wconf 95' lang='lat' dir='ltr'><strong>non</strong></span> <span class='ocrx_word' id='word_1_56' title='bbox 383 1283 427 1336; x_wconf 93' lang='lat' dir='ltr'><strong>est</strong></span> <span class='ocrx_word' id='word_1_57' title='bbox 450 1279 483 1352; x_wconf 99' lang='grc'><strong>(9</strong></span> <span class='ocrx_word' id='word_1_58' title='bbox 506 1273 569 1337; x_wconf 76' lang='lat'><strong>279</strong></span> <span class='ocrx_word' id='word_1_59' title='bbox 592 1275 719 1350; x_wconf 88' lang='lat' dir='ltr'><strong>Ontol.)‚</strong></span> <span class='ocrx_word' id='word_1_60' title='bbox 745 1275 824 1354; x_wconf 93' lang='lat' dir='ltr'><strong>qnod</strong></span> <span class='ocrx_word' id='word_1_61' title='bbox 848 1292 942 1353; x_wconf 92' lang='lat' dir='ltr'><strong>quum</strong></span> <span class='ocrx_word' id='word_1_62' title='bbox 965 1273 1003 1334; x_wconf 90' lang='lat' dir='ltr'><strong>sit</strong></span> <span class='ocrx_word' id='word_1_63' title='bbox 1024 1273 1189 1334; x_wconf 91' lang='lat' dir='ltr'><strong>absurdum</strong></span> <span class='ocrx_word' id='word_1_64' title='bbox 1213 1269 1311 1348; x_wconf 62' lang='lat'><strong>(532)</strong></span> <span class='ocrx_word' id='word_1_65' title='bbox 1336 1291 1421 1334; x_wconf 90' lang='lat' dir='ltr'><strong>ensa</strong></span> <span class='ocrx_word' id='word_1_66' title='bbox 1502 1310 1504 1315; x_wconf 91' lang='lat'><em>·</em></span> 
     </span>
    </p>
   </div>
   <div class='ocr_carea' id='block_1_6' title="bbox 300 1381 1473 2341">
    <p class='ocr_par' dir='ltr' id='par_1_6' title="bbox 300 1381 1473 2341">
     <span class='ocr_line' id='line_1_9' title="bbox 300 1381 1424 1462; baseline -0.004 -16"><span class='ocrx_word' id='word_1_67' title='bbox 300 1403 332 1446; x_wconf 92' lang='lat' dir='ltr'><strong>se</strong></span> <span class='ocrx_word' id='word_1_68' title='bbox 355 1384 469 1446; x_wconf 88' lang='lat' dir='ltr'><strong>nullum</strong></span> <span class='ocrx_word' id='word_1_69' title='bbox 503 1383 663 1446; x_wconf 89' lang='lat' dir='ltr'><strong>exsistendi</strong></span> <span class='ocrx_word' id='word_1_70' title='bbox 697 1384 787 1444; x_wconf 87' lang='lat' dir='ltr'><strong>finem</strong></span> <span class='ocrx_word' id='word_1_71' title='bbox 821 1382 930 1444; x_wconf 88' lang='lat' dir='ltr'><strong>habere</strong></span> <span class='ocrx_word' id='word_1_72' title='bbox 964 1390 1071 1462; x_wconf 87' lang='lat' dir='ltr'><strong>potest.</strong></span> <span class='ocrx_word' id='word_1_73' title='bbox 1127 1381 1207 1442; x_wconf 84' lang='lat' dir='ltr'><strong>Ens</strong></span> <span class='ocrx_word' id='word_1_74' title='bbox 1240 1401 1256 1442; x_wconf 91' lang='lat' dir='ltr'><strong>a</strong></span> <span class='ocrx_word' id='word_1_75' title='bbox 1287 1401 1325 1442; x_wconf 92' lang='lat' dir='ltr'><strong>se</strong></span> <span class='ocrx_word' id='word_1_76' title='bbox 1355 1401 1424 1444; x_wconf 88' lang='lat' dir='ltr'><strong>neo</strong></span> 
     </span>
     <span class='ocr_line' id='line_1_10' title="bbox 300 1491 1424 1572; baseline -0.005 -16"><span class='ocrx_word' id='word_1_77' title='bbox 300 1503 427 1556; x_wconf 87' lang='lat' dir='ltr'><strong>ortum</strong></span> <span class='ocrx_word' id='word_1_78' title='bbox 459 1502 518 1554; x_wconf 91' lang='lat' dir='ltr'><strong>est</strong></span> <span class='ocrx_word' id='word_1_79' title='bbox 546 1511 616 1554; x_wconf 89' lang='lat' dir='ltr'><strong>nee</strong></span> <span class='ocrx_word' id='word_1_80' title='bbox 646 1493 816 1554; x_wconf 88' lang='lat' dir='ltr'><strong>interire</strong></span> <span class='ocrx_word' id='word_1_81' title='bbox 848 1499 989 1572; x_wconf 87' lang='lat' dir='ltr'><strong>potest.</strong></span> <span class='ocrx_word' id='word_1_82' title='bbox 1036 1491 1154 1552; x_wconf 78' lang='lat' dir='ltr'><strong>Etenim</strong></span> <span class='ocrx_word' id='word_1_83' title='bbox 1185 1509 1238 1552; x_wconf 90' lang='lat' dir='ltr'><strong>ens</strong></span> <span class='ocrx_word' id='word_1_84' title='bbox 1268 1511 1284 1552; x_wconf 90' lang='lat' dir='ltr'><strong>a</strong></span> <span class='ocrx_word' id='word_1_85' title='bbox 1314 1510 1346 1550; x_wconf 93' lang='lat' dir='ltr'><strong>se</strong></span> <span class='ocrx_word' id='word_1_86' title='bbox 1375 1510 1424 1551; x_wconf 93' lang='lat' dir='ltr'><strong>ex·</strong></span> 
     </span>
     <span class='ocr_line' id='line_1_11' title="bbox 300 1598 1424 1680; baseline -0.005 -14"><span class='ocrx_word' id='word_1_87' title='bbox 300 1603 425 1666; x_wconf 87' lang='lat' dir='ltr'><strong>sistendi</strong></span> <span class='ocrx_word' id='word_1_88' title='bbox 448 1603 565 1666; x_wconf 89' lang='lat' dir='ltr'><strong>initium</strong></span> <span class='ocrx_word' id='word_1_89' title='bbox 589 1603 752 1664; x_wconf 88' lang='lat' dir='ltr'><strong>nonhabet</strong></span> <span class='ocrx_word' id='word_1_90' title='bbox 767 1598 882 1678; x_wconf 87' lang='grc'>(935).</span> <span class='ocrx_word' id='word_1_91' title='bbox 918 1601 975 1662; x_wconf 89' lang='lat' dir='ltr'><strong>Sed</strong></span> <span class='ocrx_word' id='word_1_92' title='bbox 999 1601 1077 1680; x_wconf 95' lang='lat' dir='ltr'><strong>quod</strong></span> <span class='ocrx_word' id='word_1_93' title='bbox 1101 1601 1196 1662; x_wconf 90' lang='lat' dir='ltr'><strong>oritur</strong></span> <span class='ocrx_word' id='word_1_94' title='bbox 1217 1600 1357 1662; x_wconf 81' lang='lat' dir='ltr'><strong>exsistere</strong></span> <span class='ocrx_word' id='word_1_95' title='bbox 1379 1601 1424 1660; x_wconf 89' lang='lat' dir='ltr'><strong>in-</strong></span> 
     </span>
     <span class='ocr_line' id='line_1_12' title="bbox 300 1708 1425 1796; baseline -0.008 -18"><span class='ocrx_word' id='word_1_96' title='bbox 300 1715 382 1796; x_wconf 75' lang='lat' dir='ltr'><strong>cipit,</strong></span> <span class='ocrx_word' id='word_1_97' title='bbox 406 1733 499 1794; x_wconf 90' lang='lat' dir='ltr'><strong>quum</strong></span> <span class='ocrx_word' id='word_1_98' title='bbox 528 1720 615 1776; x_wconf 90' lang='lat' dir='ltr'><strong>antea</strong></span> <span class='ocrx_word' id='word_1_99' title='bbox 644 1731 706 1774; x_wconf 92' lang='lat' dir='ltr'><strong>non</strong></span> <span class='ocrx_word' id='word_1_100' title='bbox 729 1708 885 1774; x_wconf 82' lang='lat' dir='ltr'><strong>exsisteret</strong></span> <span class='ocrx_word' id='word_1_101' title='bbox 908 1716 939 1788; x_wconf 92' lang='grc'><strong>(9</strong></span> <span class='ocrx_word' id='word_1_102' title='bbox 962 1709 1022 1773; x_wconf 98' lang='grc'><strong>541</strong></span> <span class='ocrx_word' id='word_1_103' title='bbox 1049 1711 1184 1786; x_wconf 80' lang='grc'>011111),</span> <span class='ocrx_word' id='word_1_104' title='bbox 1219 1711 1353 1788; x_wconf 84' lang='lat' dir='ltr'><strong>adeoque</strong></span> <span class='ocrx_word' id='word_1_105' title='bbox 1376 1729 1425 1770; x_wconf 90' lang='lat' dir='ltr'><strong>ex·</strong></span> 
     </span>
     <span class='ocr_line' id='line_1_13' title="bbox 300 1819 1424 1901; baseline -0.006 -14"><span class='ocrx_word' id='word_1_106' title='bbox 300 1823 423 1888; x_wconf 89' lang='lat' dir='ltr'><strong>sistendi</strong></span> <span class='ocrx_word' id='word_1_107' title='bbox 447 1824 566 1885; x_wconf 88' lang='lat' dir='ltr'><strong>initium</strong></span> <span class='ocrx_word' id='word_1_108' title='bbox 589 1823 689 1884; x_wconf 89' lang='lat' dir='ltr'><strong>habet.</strong></span> <span class='ocrx_word' id='word_1_109' title='bbox 735 1821 797 1890; x_wconf 85' lang='lat' dir='ltr'><strong>Eos</strong></span> <span class='ocrx_word' id='word_1_110' title='bbox 820 1822 911 1901; x_wconf 83' lang='lat' dir='ltr'><strong>igitur</strong></span> <span class='ocrx_word' id='word_1_111' title='bbox 933 1840 949 1882; x_wconf 92' lang='lat' dir='ltr'><strong>a</strong></span> <span class='ocrx_word' id='word_1_112' title='bbox 973 1839 1004 1881; x_wconf 90' lang='lat' dir='ltr'><strong>se</strong></span> <span class='ocrx_word' id='word_1_113' title='bbox 1032 1829 1129 1881; x_wconf 83' lang='lat' dir='ltr'><strong>ortum</strong></span> <span class='ocrx_word' id='word_1_114' title='bbox 1153 1827 1291 1880; x_wconf 89' lang='lat' dir='ltr'><strong>nonest.</strong></span> <span class='ocrx_word' id='word_1_115' title='bbox 1338 1819 1424 1890; x_wconf 83' lang='lat' dir='ltr'><strong>Quod</strong></span> 
     </span>
     <span class='ocr_line' id='line_1_14' title="bbox 300 1929 1423 2014; baseline -0.006 -18"><span class='ocrx_word' id='word_1_116' title='bbox 300 1943 364 1996; x_wconf 90' lang='lat' dir='ltr'><strong>erat</strong></span> <span class='ocrx_word' id='word_1_117' title='bbox 385 1933 525 2014; x_wconf 83' lang='lat' dir='ltr'><strong>priorum.</strong></span> <span class='ocrx_word' id='word_1_118' title='bbox 572 1933 714 1994; x_wconf 86' lang='lat' dir='ltr'><strong>Similiter</strong></span> <span class='ocrx_word' id='word_1_119' title='bbox 736 1951 790 1994; x_wconf 89' lang='lat' dir='ltr'><strong>ens</strong></span> <span class='ocrx_word' id='word_1_120' title='bbox 812 1952 828 1993; x_wconf 90' lang='lat' dir='ltr'><strong>a</strong></span> <span class='ocrx_word' id='word_1_121' title='bbox 852 1951 884 1992; x_wconf 90' lang='lat' dir='ltr'><strong>se</strong></span> <span class='ocrx_word' id='word_1_122' title='bbox 907 1931 1020 1992; x_wconf 94' lang='lat' dir='ltr'><strong>nullum</strong></span> <span class='ocrx_word' id='word_1_123' title='bbox 1045 1930 1203 1997; x_wconf 90' lang='lat' dir='ltr'><strong>exsistendi</strong></span> <span class='ocrx_word' id='word_1_124' title='bbox 1226 1929 1314 1992; x_wconf 92' lang='lat' dir='ltr'><strong>habet</strong></span> <span class='ocrx_word' id='word_1_125' title='bbox 1336 1931 1423 1990; x_wconf 85' lang='lat' dir='ltr'><strong>tinem</strong></span> 
     </span>
     <span class='ocr_line' id='line_1_15' title="bbox 302 2039 1473 2130; baseline -0.006 -24"><span class='ocrx_word' id='word_1_126' title='bbox 302 2050 334 2120; x_wconf 90' lang='grc'><strong>(9</strong></span> <span class='ocrx_word' id='word_1_127' title='bbox 357 2039 424 2118; x_wconf 85' lang='grc'>36).</span> <span class='ocrx_word' id='word_1_128' title='bbox 471 2043 529 2105; x_wconf 86' lang='lat' dir='ltr'><strong>Sed</strong></span> <span class='ocrx_word' id='word_1_129' title='bbox 559 2043 640 2122; x_wconf 92' lang='lat' dir='ltr'><strong>quod</strong></span> <span class='ocrx_word' id='word_1_130' title='bbox 662 2042 764 2104; x_wconf 90' lang='lat' dir='ltr'><strong>interit</strong></span> <span class='ocrx_word' id='word_1_131' title='bbox 786 2041 928 2103; x_wconf 87' lang='lat' dir='ltr'><strong>exsistere</strong></span> <span class='ocrx_word' id='word_1_132' title='bbox 951 2041 1077 2116; x_wconf 85' lang='lat' dir='ltr'><strong>desinit,</strong></span> <span class='ocrx_word' id='word_1_133' title='bbox 1113 2059 1205 2120; x_wconf 91' lang='lat' dir='ltr'><strong>quum</strong></span> <span class='ocrx_word' id='word_1_134' title='bbox 1236 2048 1320 2100; x_wconf 88' lang='lat' dir='ltr'><strong>antea</strong></span> <span class='ocrx_word' id='word_1_135' title='bbox 1351 2040 1425 2100; x_wconf 89' lang='lat' dir='ltr'><strong>exsi·</strong></span> <span class='ocrx_word' id='word_1_136' title='bbox 1464 2121 1473 2130; x_wconf 27' lang='lat' dir='ltr'><strong>q</strong></span> 
     </span>
     <span class='ocr_line' id='line_1_16' title="bbox 301 2149 1425 2230; baseline -0.004 -16"><span class='ocrx_word' id='word_1_137' title='bbox 301 2161 392 2214; x_wconf 88' lang='lat' dir='ltr'><strong>steret</strong></span> <span class='ocrx_word' id='word_1_138' title='bbox 415 2158 447 2229; x_wconf 90' lang='grc'><strong>(9</strong></span> <span class='ocrx_word' id='word_1_139' title='bbox 465 2151 525 2214; x_wconf 90' lang='grc'><strong>541</strong></span> <span class='ocrx_word' id='word_1_140' title='bbox 552 2152 687 2228; x_wconf 89' lang='lat' dir='ltr'><strong>Ontol.),</strong></span> <span class='ocrx_word' id='word_1_141' title='bbox 722 2153 855 2230; x_wconf 79' lang='lat' dir='ltr'><strong>adeoque</strong></span> <span class='ocrx_word' id='word_1_142' title='bbox 889 2150 1048 2212; x_wconf 88' lang='lat' dir='ltr'><strong>exsistendi</strong></span> <span class='ocrx_word' id='word_1_143' title='bbox 1082 2151 1171 2210; x_wconf 89' lang='lat' dir='ltr'><strong>linem</strong></span> <span class='ocrx_word' id='word_1_144' title='bbox 1210 2149 1307 2210; x_wconf 89' lang='lat' dir='ltr'><strong>habet.</strong></span> <span class='ocrx_word' id='word_1_145' title='bbox 1364 2150 1425 2210; x_wconf 81' lang='lat' dir='ltr'><strong>Eos</strong></span> 
     </span>
     <span class='ocr_line' id='line_1_17' title="bbox 301 2259 1425 2341; baseline -0.003 -19"><span class='ocrx_word' id='word_1_146' title='bbox 301 2261 392 2341; x_wconf 84' lang='lat' dir='ltr'><strong>igitur</strong></span> <span class='ocrx_word' id='word_1_147' title='bbox 413 2281 428 2322; x_wconf 92' lang='lat' dir='ltr'><strong>a</strong></span> <span class='ocrx_word' id='word_1_148' title='bbox 452 2281 484 2323; x_wconf 90' lang='lat' dir='ltr'><strong>se</strong></span> <span class='ocrx_word' id='word_1_149' title='bbox 507 2262 629 2322; x_wconf 85' lang='lat' dir='ltr'><strong>interire</strong></span> <span class='ocrx_word' id='word_1_150' title='bbox 651 2261 766 2341; x_wconf 91' lang='lat' dir='ltr'><strong>nequit.</strong></span> <span class='ocrx_word' id='word_1_151' title='bbox 813 2261 897 2332; x_wconf 85' lang='lat' dir='ltr'><strong>Quod</strong></span> <span class='ocrx_word' id='word_1_152' title='bbox 929 2267 993 2321; x_wconf 89' lang='lat' dir='ltr'><strong>erat</strong></span> <span class='ocrx_word' id='word_1_153' title='bbox 1022 2260 1197 2320; x_wconf 89' lang='lat' dir='ltr'><strong>seeundum.</strong></span> <span class='ocrx_word' id='word_1_154' title='bbox 1243 2259 1319 2320; x_wconf 90' lang='lat' dir='ltr'><strong>Ens</strong></span> <span class='ocrx_word' id='word_1_155' title='bbox 1346 2279 1362 2320; x_wconf 91' lang='lat' dir='ltr'><strong>a</strong></span> <span class='ocrx_word' id='word_1_156' title='bbox 1385 2278 1425 2319; x_wconf 89' lang='lat' dir='ltr'><strong>se</strong></span> 
     </span>
    </p>
   </div>
   <div class='ocr_carea' id='block_1_7' title="bbox 212 2370 1425 2452">
    <p class='ocr_par' dir='ltr' id='par_1_7' title="bbox 212 2370 1425 2452">
     <span class='ocr_line' id='line_1_18' title="bbox 212 2370 1425 2452; baseline -0.002 -20"><span class='ocrx_word' id='word_1_157' title='bbox 212 2444 214 2447; x_wconf 22' lang='grc' dir='ltr'>Ι</span> <span class='ocrx_word' id='word_1_158' title='bbox 301 2372 525 2432; x_wconf 89' lang='lat' dir='ltr'><strong>annihilari</strong></span> <span class='ocrx_word' id='word_1_159' title='bbox 548 2371 694 2452; x_wconf 87' lang='lat' dir='ltr'><strong>nequit.</strong></span> <span class='ocrx_word' id='word_1_160' title='bbox 741 2373 890 2432; x_wconf 89' lang='lat' dir='ltr'><strong>Ponamus</strong></span> <span class='ocrx_word' id='word_1_161' title='bbox 913 2371 1022 2448; x_wconf 84' lang='lat' dir='ltr'><strong>igitur,</strong></span> <span class='ocrx_word' id='word_1_162' title='bbox 1048 2370 1072 2430; x_wconf 93' lang='lat' dir='ltr'><strong>si</strong></span> <span class='ocrx_word' id='word_1_163' title='bbox 1095 2370 1159 2430; x_wconf 88' lang='lat' dir='ltr'><strong>fieri</strong></span> <span class='ocrx_word' id='word_1_164' title='bbox 1182 2377 1298 2450; x_wconf 78' lang='lat' dir='ltr'><strong>potest,</strong></span> <span class='ocrx_word' id='word_1_165' title='bbox 1334 2389 1425 2431; x_wconf 91' lang='lat' dir='ltr'><strong>ensa</strong></span> 
     </span>
    </p>
   </div>
   <div class='ocr_carea' id='block_1_8' title="bbox 302 2481 1479 4425">
    <p class='ocr_par' dir='ltr' id='par_1_8' title="bbox 302 2481 1427 3884">
     <span class='ocr_line' id='line_1_19' title="bbox 302 2481 1423 2560; baseline -0.002 -18"><span class='ocrx_word' id='word_1_166' title='bbox 302 2501 334 2542; x_wconf 91' lang='lat' dir='ltr'><strong>se</strong></span> <span class='ocrx_word' id='word_1_167' title='bbox 356 2481 525 2542; x_wconf 91' lang='lat' dir='ltr'><strong>annihilari.</strong></span> <span class='ocrx_word' id='word_1_168' title='bbox 572 2481 721 2542; x_wconf 79' lang='lat' dir='ltr'><strong>Exsistere</strong></span> <span class='ocrx_word' id='word_1_169' title='bbox 743 2481 835 2560; x_wconf 82' lang='lat' dir='ltr'><strong>igitur</strong></span> <span class='ocrx_word' id='word_1_170' title='bbox 864 2481 989 2554; x_wconf 85' lang='lat' dir='ltr'><strong>desinit,</strong></span> <span class='ocrx_word' id='word_1_171' title='bbox 1025 2498 1116 2560; x_wconf 93' lang='lat' dir='ltr'><strong>quum</strong></span> <span class='ocrx_word' id='word_1_172' title='bbox 1145 2488 1229 2540; x_wconf 91' lang='lat' dir='ltr'><strong>antea</strong></span> <span class='ocrx_word' id='word_1_173' title='bbox 1260 2481 1423 2554; x_wconf 88' lang='lat' dir='ltr'><strong>exsisteret,</strong></span> 
     </span>
     <span class='ocr_line' id='line_1_20' title="bbox 302 2587 1426 2672; baseline -0.004 -18"><span class='ocrx_word' id='word_1_174' title='bbox 302 2593 342 2654; x_wconf 85' lang='lat' dir='ltr'><strong>ita</strong></span> <span class='ocrx_word' id='word_1_175' title='bbox 364 2604 398 2654; x_wconf 91' lang='lat' dir='ltr'><strong>ut</strong></span> <span class='ocrx_word' id='word_1_176' title='bbox 420 2592 493 2652; x_wconf 92' lang='lat' dir='ltr'><strong>nihil</strong></span> <span class='ocrx_word' id='word_1_177' title='bbox 524 2591 590 2672; x_wconf 89' lang='lat' dir='ltr'><strong>ejus</strong></span> <span class='ocrx_word' id='word_1_178' title='bbox 613 2591 742 2670; x_wconf 88' lang='lat' dir='ltr'><strong>amplius</strong></span> <span class='ocrx_word' id='word_1_179' title='bbox 764 2599 831 2652; x_wconf 86' lang='lat' dir='ltr'><strong>actu</strong></span> <span class='ocrx_word' id='word_1_180' title='bbox 858 2591 988 2670; x_wconf 90' lang='lat' dir='ltr'><strong>supersit</strong></span> <span class='ocrx_word' id='word_1_181' title='bbox 1011 2596 1043 2665; x_wconf 88' lang='grc'><strong>(9</strong></span> <span class='ocrx_word' id='word_1_182' title='bbox 1065 2587 1128 2652; x_wconf 86' lang='grc'><strong>540</strong></span> <span class='ocrx_word' id='word_1_183' title='bbox 1152 2589 1286 2664; x_wconf 83' lang='grc'>011111),</span> <span class='ocrx_word' id='word_1_184' title='bbox 1322 2609 1426 2650; x_wconf 88' lang='lat' dir='ltr'><strong>eonse-</strong></span> 
     </span>
     <span class='ocr_line' id='line_1_21' title="bbox 302 2696 1427 2784; baseline -0.005 -19"><span class='ocrx_word' id='word_1_185' title='bbox 302 2710 428 2784; x_wconf 88' lang='lat' dir='ltr'><strong>quenter</strong></span> <span class='ocrx_word' id='word_1_186' title='bbox 439 2703 542 2764; x_wconf 86' lang='lat' dir='ltr'><strong>interit</strong></span> <span class='ocrx_word' id='word_1_187' title='bbox 555 2708 587 2780; x_wconf 84' lang='lat'><strong>(§</strong></span> <span class='ocrx_word' id='word_1_188' title='bbox 599 2701 660 2764; x_wconf 89' lang='grc'><strong>541</strong></span> <span class='ocrx_word' id='word_1_189' title='bbox 675 2703 803 2780; x_wconf 84' lang='grc'>011101).</span> <span class='ocrx_word' id='word_1_190' title='bbox 849 2703 1010 2764; x_wconf 85' lang='lat' dir='ltr'><strong>Enimvero</strong></span> <span class='ocrx_word' id='word_1_191' title='bbox 1033 2719 1087 2762; x_wconf 89' lang='lat' dir='ltr'><strong>ens</strong></span> <span class='ocrx_word' id='word_1_192' title='bbox 1104 2720 1119 2762; x_wconf 89' lang='lat' dir='ltr'><strong>a</strong></span> <span class='ocrx_word' id='word_1_193' title='bbox 1137 2719 1169 2762; x_wconf 91' lang='lat' dir='ltr'><strong>se</strong></span> <span class='ocrx_word' id='word_1_194' title='bbox 1186 2700 1307 2762; x_wconf 90' lang='lat' dir='ltr'><strong>interire</strong></span> <span class='ocrx_word' id='word_1_195' title='bbox 1323 2696 1427 2780; x_wconf 86' lang='lat' dir='ltr'><strong>nequit</strong></span> 
     </span>
     <span class='ocr_line' id='line_1_22' title="bbox 303 2810 1425 2892; baseline -0.004 -16"><span class='ocrx_word' id='word_1_196' title='bbox 303 2819 336 2890; x_wconf 88' lang='grc'><strong>(9</strong></span> <span class='ocrx_word' id='word_1_197' title='bbox 358 2811 426 2890; x_wconf 86' lang='grc'>37).</span> <span class='ocrx_word' id='word_1_198' title='bbox 473 2813 550 2892; x_wconf 85' lang='lat' dir='ltr'><strong>Ergo</strong></span> <span class='ocrx_word' id='word_1_199' title='bbox 580 2831 636 2874; x_wconf 91' lang='lat' dir='ltr'><strong>neo</strong></span> <span class='ocrx_word' id='word_1_200' title='bbox 665 2812 822 2872; x_wconf 86' lang='lat' dir='ltr'><strong>annihilari</strong></span> <span class='ocrx_word' id='word_1_201' title='bbox 854 2820 961 2891; x_wconf 91' lang='lat' dir='ltr'><strong>potest.</strong></span> <span class='ocrx_word' id='word_1_202' title='bbox 1013 2810 1191 2872; x_wconf 86' lang='lat' dir='ltr'><strong>Exsistentia</strong></span> <span class='ocrx_word' id='word_1_203' title='bbox 1223 2829 1277 2870; x_wconf 90' lang='lat' dir='ltr'><strong>neo</strong></span> <span class='ocrx_word' id='word_1_204' title='bbox 1307 2811 1425 2872; x_wconf 88' lang='lat' dir='ltr'><strong>initium</strong></span> 
     </span>
     <span class='ocr_line' id='line_1_23' title="bbox 302 2921 1423 3001; baseline -0.004 -17"><span class='ocrx_word' id='word_1_205' title='bbox 302 2942 358 2984; x_wconf 88' lang='lat' dir='ltr'><strong>neo</strong></span> <span class='ocrx_word' id='word_1_206' title='bbox 394 2923 484 2982; x_wconf 89' lang='lat' dir='ltr'><strong>linem</strong></span> <span class='ocrx_word' id='word_1_207' title='bbox 520 2921 634 2982; x_wconf 86' lang='lat' dir='ltr'><strong>habens</strong></span> <span class='ocrx_word' id='word_1_208' title='bbox 671 2921 780 2982; x_wconf 85' lang='lat' dir='ltr'><strong>dieitur</strong></span> <span class='ocrx_word' id='word_1_209' title='bbox 807 2921 1053 3001; x_wconf 82' lang='lat' dir='ltr'><strong>Aeternitas,</strong></span> <span class='ocrx_word' id='word_1_210' title='bbox 1097 2921 1175 2982; x_wconf 90' lang='lat' dir='ltr'><strong>unde</strong></span> <span class='ocrx_word' id='word_1_211' title='bbox 1215 2922 1423 2981; x_wconf 76' lang='lat' dir='ltr'><strong>Aeternum</strong></span> 
     </span>
     <span class='ocr_line' id='line_1_24' title="bbox 302 3027 1423 3112; baseline -0.004 -20"><span class='ocrx_word' id='word_1_212' title='bbox 302 3031 484 3112; x_wconf 82' lang='lat' dir='ltr'><strong>appellatur,</strong></span> <span class='ocrx_word' id='word_1_213' title='bbox 509 3029 588 3110; x_wconf 94' lang='lat' dir='ltr'><strong>quod</strong></span> <span class='ocrx_word' id='word_1_214' title='bbox 612 3049 666 3090; x_wconf 88' lang='lat' dir='ltr'><strong>neo</strong></span> <span class='ocrx_word' id='word_1_215' title='bbox 688 3030 796 3091; x_wconf 90' lang='lat' dir='ltr'><strong>initum</strong></span> <span class='ocrx_word' id='word_1_216' title='bbox 820 3049 875 3090; x_wconf 89' lang='lat' dir='ltr'><strong>neo</strong></span> <span class='ocrx_word' id='word_1_217' title='bbox 897 3031 987 3090; x_wconf 86' lang='lat' dir='ltr'><strong>linem</strong></span> <span class='ocrx_word' id='word_1_218' title='bbox 1009 3029 1097 3090; x_wconf 91' lang='lat' dir='ltr'><strong>habet</strong></span> <span class='ocrx_word' id='word_1_219' title='bbox 1120 3029 1298 3103; x_wconf 82' lang='lat' dir='ltr'><strong>exsistendi,</strong></span> <span class='ocrx_word' id='word_1_220' title='bbox 1322 3047 1374 3088; x_wconf 91' lang='lat' dir='ltr'><strong>seu</strong></span> <span class='ocrx_word' id='word_1_221' title='bbox 1398 3027 1423 3088; x_wconf 90' lang='lat' dir='ltr'><strong>si</strong></span> 
     </span>
     <span class='ocr_line' id='line_1_25' title="bbox 302 3137 1423 3220; baseline -0.005 -18"><span class='ocrx_word' id='word_1_222' title='bbox 302 3141 419 3202; x_wconf 90' lang='lat' dir='ltr'><strong>nullum</strong></span> <span class='ocrx_word' id='word_1_223' title='bbox 441 3140 585 3220; x_wconf 84' lang='lat' dir='ltr'><strong>assignari</strong></span> <span class='ocrx_word' id='word_1_224' title='bbox 608 3148 707 3219; x_wconf 90' lang='lat' dir='ltr'><strong>potest</strong></span> <span class='ocrx_word' id='word_1_225' title='bbox 729 3149 862 3220; x_wconf 69' lang='lat' dir='ltr'><strong>lemme,</strong></span> <span class='ocrx_word' id='word_1_226' title='bbox 892 3159 951 3220; x_wconf 93' lang='lat' dir='ltr'><strong>qno</strong></span> <span class='ocrx_word' id='word_1_227' title='bbox 974 3139 1114 3200; x_wconf 89' lang='lat' dir='ltr'><strong>exsistere</strong></span> <span class='ocrx_word' id='word_1_228' title='bbox 1137 3140 1234 3220; x_wconf 88' lang='lat' dir='ltr'><strong>coepit</strong></span> <span class='ocrx_word' id='word_1_229' title='bbox 1256 3146 1284 3198; x_wconf 93' lang='lat' dir='ltr'><strong>et</strong></span> <span class='ocrx_word' id='word_1_230' title='bbox 1305 3137 1423 3218; x_wconf 88' lang='lat' dir='ltr'><strong>quando</strong></span> 
     </span>
     <span class='ocr_line' id='line_1_26' title="bbox 303 3246 1426 3342; baseline -0.005 -30"><span class='ocrx_word' id='word_1_231' title='bbox 303 3251 444 3314; x_wconf 86' lang='lat' dir='ltr'><strong>exsistere</strong></span> <span class='ocrx_word' id='word_1_232' title='bbox 461 3250 591 3342; x_wconf 26' lang='lat' dir='ltr'><strong>desinet..</strong></span> <span class='ocrx_word' id='word_1_233' title='bbox 623 3251 698 3311; x_wconf 86' lang='lat' dir='ltr'><strong>Ens</strong></span> <span class='ocrx_word' id='word_1_234' title='bbox 721 3249 886 3330; x_wconf 88' lang='lat' dir='ltr'><strong>primum</strong></span> <span class='ocrx_word' id='word_1_235' title='bbox 910 3249 1019 3310; x_wconf 89' lang='lat' dir='ltr'><strong>dieitur</strong></span> <span class='ocrx_word' id='word_1_236' title='bbox 1040 3258 1108 3310; x_wconf 90' lang='lat' dir='ltr'><strong>ante</strong></span> <span class='ocrx_word' id='word_1_237' title='bbox 1131 3251 1210 3328; x_wconf 90' lang='lat' dir='ltr'><strong>qnod</strong></span> <span class='ocrx_word' id='word_1_238' title='bbox 1233 3267 1292 3310; x_wconf 91' lang='lat' dir='ltr'><strong>non</strong></span> <span class='ocrx_word' id='word_1_239' title='bbox 1316 3246 1426 3308; x_wconf 90' lang='lat' dir='ltr'><strong>exstitit</strong></span> 
     </span>
     <span class='ocr_line' id='line_1_27' title="bbox 303 3358 1427 3440; baseline -0.007 -16"><span class='ocrx_word' id='word_1_240' title='bbox 303 3362 393 3424; x_wconf 90' lang='lat' dir='ltr'><strong>aliud.</strong></span> <span class='ocrx_word' id='word_1_241' title='bbox 438 3361 514 3425; x_wconf 88' lang='lat' dir='ltr'><strong>Ens</strong></span> <span class='ocrx_word' id='word_1_242' title='bbox 536 3361 715 3422; x_wconf 92' lang='lat' dir='ltr'><strong>ultimum</strong></span> <span class='ocrx_word' id='word_1_243' title='bbox 739 3379 808 3422; x_wconf 85' lang='lat' dir='ltr'><strong>vero</strong></span> <span class='ocrx_word' id='word_1_244' title='bbox 831 3361 1005 3440; x_wconf 85' lang='lat' dir='ltr'><strong>appellatur,</strong></span> <span class='ocrx_word' id='word_1_245' title='bbox 1031 3368 1098 3440; x_wconf 88' lang='lat' dir='ltr'><strong>post</strong></span> <span class='ocrx_word' id='word_1_246' title='bbox 1120 3361 1199 3440; x_wconf 93' lang='lat' dir='ltr'><strong>quod</strong></span> <span class='ocrx_word' id='word_1_247' title='bbox 1223 3379 1284 3420; x_wconf 93' lang='lat' dir='ltr'><strong>non</strong></span> <span class='ocrx_word' id='word_1_248' title='bbox 1307 3358 1427 3420; x_wconf 87' lang='lat' dir='ltr'><strong>exsistet</strong></span> 
     </span>
     <span class='ocr_line' id='line_1_28' title="bbox 303 3467 1426 3550; baseline -0.004 -18"><span class='ocrx_word' id='word_1_249' title='bbox 303 3472 394 3534; x_wconf 92' lang='lat' dir='ltr'><strong>aliud.</strong></span> <span class='ocrx_word' id='word_1_250' title='bbox 440 3472 517 3532; x_wconf 85' lang='lat' dir='ltr'><strong>Ens</strong></span> <span class='ocrx_word' id='word_1_251' title='bbox 549 3490 565 3531; x_wconf 89' lang='grc'><strong>1</strong></span> <span class='ocrx_word' id='word_1_252' title='bbox 600 3490 639 3532; x_wconf 93' lang='lat' dir='ltr'><strong>se</strong></span> <span class='ocrx_word' id='word_1_253' title='bbox 672 3479 732 3532; x_wconf 91' lang='lat' dir='ltr'><strong>est</strong></span> <span class='ocrx_word' id='word_1_254' title='bbox 761 3490 828 3532; x_wconf 92' lang='lat' dir='ltr'><strong>ens</strong></span> <span class='ocrx_word' id='word_1_255' title='bbox 858 3471 1024 3550; x_wconf 89' lang='lat' dir='ltr'><strong>primum</strong></span> <span class='ocrx_word' id='word_1_256' title='bbox 1063 3479 1098 3530; x_wconf 91' lang='lat' dir='ltr'><strong>et</strong></span> <span class='ocrx_word' id='word_1_257' title='bbox 1127 3469 1319 3530; x_wconf 91' lang='lat' dir='ltr'><strong>ultimum.</strong></span> <span class='ocrx_word' id='word_1_258' title='bbox 1366 3467 1426 3528; x_wconf 85' lang='lat' dir='ltr'><strong>Eos</strong></span> 
     </span>
     <span class='ocr_line' id='line_1_29' title="bbox 304 3575 1426 3654; baseline -0.005 -12"><span class='ocrx_word' id='word_1_259' title='bbox 304 3581 383 3642; x_wconf 90' lang='lat' dir='ltr'><strong>enirn</strong></span> <span class='ocrx_word' id='word_1_260' title='bbox 406 3600 422 3641; x_wconf 95' lang='lat' dir='ltr'><strong>a</strong></span> <span class='ocrx_word' id='word_1_261' title='bbox 445 3599 477 3641; x_wconf 88' lang='lat' dir='ltr'><strong>se</strong></span> <span class='ocrx_word' id='word_1_262' title='bbox 501 3581 614 3641; x_wconf 91' lang='lat' dir='ltr'><strong>nullum</strong></span> <span class='ocrx_word' id='word_1_263' title='bbox 639 3579 800 3642; x_wconf 90' lang='lat' dir='ltr'><strong>exsistendi</strong></span> <span class='ocrx_word' id='word_1_264' title='bbox 823 3580 941 3640; x_wconf 91' lang='lat' dir='ltr'><strong>initium</strong></span> <span class='ocrx_word' id='word_1_265' title='bbox 964 3576 1197 3654; x_wconf 77' lang='grc'>1111111935).</span> <span class='ocrx_word' id='word_1_266' title='bbox 1240 3575 1426 3649; x_wconf 74' lang='lat' dir='ltr'><strong>Impossibile</strong></span> 
     </span>
     <span class='ocr_line' id='line_1_30' title="bbox 304 3687 1426 3770; baseline -0.005 -18"><span class='ocrx_word' id='word_1_267' title='bbox 304 3691 403 3768; x_wconf 90' lang='lat' dir='ltr'><strong>itaque</strong></span> <span class='ocrx_word' id='word_1_268' title='bbox 433 3699 494 3765; x_wconf 84' lang='lat' dir='ltr'><strong>est,</strong></span> <span class='ocrx_word' id='word_1_269' title='bbox 527 3701 558 3751; x_wconf 93' lang='lat' dir='ltr'><strong>ut</strong></span> <span class='ocrx_word' id='word_1_270' title='bbox 590 3698 657 3751; x_wconf 90' lang='lat' dir='ltr'><strong>ante</strong></span> <span class='ocrx_word' id='word_1_271' title='bbox 686 3691 784 3770; x_wconf 86' lang='lat' dir='ltr'><strong>ipsum</strong></span> <span class='ocrx_word' id='word_1_272' title='bbox 809 3690 952 3750; x_wconf 85' lang='lat' dir='ltr'><strong>exstiterit</strong></span> <span class='ocrx_word' id='word_1_273' title='bbox 974 3707 1026 3750; x_wconf 90' lang='lat' dir='ltr'><strong>ens</strong></span> <span class='ocrx_word' id='word_1_274' title='bbox 1049 3689 1198 3767; x_wconf 92' lang='lat' dir='ltr'><strong>quoddam</strong></span> <span class='ocrx_word' id='word_1_275' title='bbox 1228 3688 1320 3750; x_wconf 91' lang='lat' dir='ltr'><strong>alind.</strong></span> <span class='ocrx_word' id='word_1_276' title='bbox 1365 3687 1426 3748; x_wconf 84' lang='lat' dir='ltr'><strong>Eos</strong></span> 
     </span>
     <span class='ocr_line' id='line_1_31' title="bbox 304 3796 1426 3884; baseline -0.004 -25"><span class='ocrx_word' id='word_1_277' title='bbox 304 3807 455 3884; x_wconf 84' lang='lat' dir='ltr'><strong>praeterea</strong></span> <span class='ocrx_word' id='word_1_278' title='bbox 477 3819 493 3860; x_wconf 91' lang='lat' dir='ltr'><strong>a</strong></span> <span class='ocrx_word' id='word_1_279' title='bbox 516 3818 548 3860; x_wconf 91' lang='lat' dir='ltr'><strong>se</strong></span> <span class='ocrx_word' id='word_1_280' title='bbox 571 3799 714 3860; x_wconf 87' lang='lat' dir='ltr'><strong>rationem</strong></span> <span class='ocrx_word' id='word_1_281' title='bbox 738 3799 933 3860; x_wconf 86' lang='lat' dir='ltr'><strong>sufficientem</strong></span> <span class='ocrx_word' id='word_1_282' title='bbox 954 3797 1142 3876; x_wconf 76' lang='lat' dir='ltr'><strong>exsistentiae</strong></span> <span class='ocrx_word' id='word_1_283' title='bbox 1161 3817 1231 3860; x_wconf 91' lang='lat' dir='ltr'><strong>suae</strong></span> <span class='ocrx_word' id='word_1_284' title='bbox 1251 3799 1282 3858; x_wconf 93' lang='lat' dir='ltr'><strong>in</strong></span> <span class='ocrx_word' id='word_1_285' title='bbox 1299 3796 1426 3858; x_wconf 88' lang='lat' dir='ltr'><strong>essentia</strong></span> 
     </span>
    </p>

    <p class='ocr_par' dir='ltr' id='par_1_9' title="bbox 304 3883 1479 4425">
     <span class='ocr_line' id='line_1_32' title="bbox 304 3883 1479 3988; baseline -0.005 -18"><span class='ocrx_word' id='word_1_286' title='bbox 304 3927 357 3970; x_wconf 91' lang='lat' dir='ltr'><strong>sua</strong></span> <span class='ocrx_word' id='word_1_287' title='bbox 380 3905 469 3970; x_wconf 89' lang='lat' dir='ltr'><strong>hahet</strong></span> <span class='ocrx_word' id='word_1_288' title='bbox 492 3904 613 3986; x_wconf 83' lang='grc'>(931),</span> <span class='ocrx_word' id='word_1_289' title='bbox 638 3913 790 3988; x_wconf 85' lang='lat' dir='ltr'><strong>quumque</strong></span> <span class='ocrx_word' id='word_1_290' title='bbox 812 3908 849 3968; x_wconf 91' lang='lat' dir='ltr'><strong>sit</strong></span> <span class='ocrx_word' id='word_1_291' title='bbox 873 3927 926 3971; x_wconf 90' lang='lat' dir='ltr'><strong>ens</strong></span> <span class='ocrx_word' id='word_1_292' title='bbox 949 3907 1150 3968; x_wconf 81' lang='lat' dir='ltr'><strong>necessarium</strong></span> <span class='ocrx_word' id='word_1_293' title='bbox 1175 3904 1276 3983; x_wconf 85' lang='grc'>(933)</span> <span class='ocrx_word' id='word_1_294' title='bbox 1300 3907 1326 3966; x_wconf 94' lang='lat' dir='ltr'><strong>vi</strong></span> <span class='ocrx_word' id='word_1_295' title='bbox 1349 3905 1426 3968; x_wconf 90' lang='lat' dir='ltr'><strong>eutis</strong></span> <span class='ocrx_word' id='word_1_296' title='bbox 1478 3883 1479 3886; x_wconf 8' lang='grc' dir='ltr'><strong>Ἴ</strong></span> 
     </span>
     <span class='ocr_line' id='line_1_33' title="bbox 304 4015 1427 4096; baseline -0.004 -17"><span class='ocrx_word' id='word_1_297' title='bbox 304 4017 427 4080; x_wconf 86' lang='lat' dir='ltr'><strong>alterius</strong></span> <span class='ocrx_word' id='word_1_298' title='bbox 456 4017 493 4078; x_wconf 89' lang='lat' dir='ltr'><strong>ad</strong></span> <span class='ocrx_word' id='word_1_299' title='bbox 517 4017 719 4078; x_wconf 85' lang='lat' dir='ltr'><strong>exsistenduor</strong></span> <span class='ocrx_word' id='word_1_300' title='bbox 742 4035 802 4078; x_wconf 92' lang='lat' dir='ltr'><strong>non</strong></span> <span class='ocrx_word' id='word_1_301' title='bbox 825 4017 939 4096; x_wconf 85' lang='lat' dir='ltr'><strong>indiget</strong></span> <span class='ocrx_word' id='word_1_302' title='bbox 967 4018 1100 4096; x_wconf 91' lang='lat' dir='ltr'><strong>adeoque</strong></span> <span class='ocrx_word' id='word_1_303' title='bbox 1123 4035 1160 4079; x_wconf 90' lang='lat' dir='ltr'><strong>ne</strong></span> <span class='ocrx_word' id='word_1_304' title='bbox 1184 4025 1286 4078; x_wconf 84' lang='lat' dir='ltr'><strong>nostro</strong></span> <span class='ocrx_word' id='word_1_305' title='bbox 1307 4015 1427 4096; x_wconf 90' lang='lat' dir='ltr'><strong>quidem</strong></span> 
     </span>
     <span class='ocr_line' id='line_1_34' title="bbox 305 4127 1428 4208; baseline -0.004 -20"><span class='ocrx_word' id='word_1_306' title='bbox 305 4127 492 4206; x_wconf 75' lang='lat' dir='ltr'><strong>concipiendi</strong></span> <span class='ocrx_word' id='word_1_307' title='bbox 526 4127 614 4188; x_wconf 92' lang='lat' dir='ltr'><strong>modo</strong></span> <span class='ocrx_word' id='word_1_308' title='bbox 648 4127 775 4206; x_wconf 82' lang='lat' dir='ltr'><strong>spectari</strong></span> <span class='ocrx_word' id='word_1_309' title='bbox 807 4135 905 4207; x_wconf 86' lang='lat' dir='ltr'><strong>potest</strong></span> <span class='ocrx_word' id='word_1_310' title='bbox 937 4127 1058 4208; x_wconf 86' lang='lat' dir='ltr'><strong>aliquod</strong></span> <span class='ocrx_word' id='word_1_311' title='bbox 1091 4145 1145 4188; x_wconf 89' lang='lat' dir='ltr'><strong>ens</strong></span> <span class='ocrx_word' id='word_1_312' title='bbox 1179 4134 1330 4206; x_wconf 90' lang='lat' dir='ltr'><strong>tamquam</strong></span> <span class='ocrx_word' id='word_1_313' title='bbox 1359 4131 1428 4186; x_wconf 90' lang='lat' dir='ltr'><strong>ante</strong></span> 
     </span>
     <span class='ocr_line' id='line_1_35' title="bbox 305 4236 1425 4318; baseline -0.003 -21"><span class='ocrx_word' id='word_1_314' title='bbox 305 4237 405 4318; x_wconf 89' lang='lat' dir='ltr'><strong>ipsum</strong></span> <span class='ocrx_word' id='word_1_315' title='bbox 434 4236 587 4298; x_wconf 87' lang='lat' dir='ltr'><strong>exsistens.</strong></span> <span class='ocrx_word' id='word_1_316' title='bbox 633 4237 699 4298; x_wconf 88' lang='lat' dir='ltr'><strong>Erit</strong></span> <span class='ocrx_word' id='word_1_317' title='bbox 729 4236 820 4317; x_wconf 83' lang='lat' dir='ltr'><strong>igitur</strong></span> <span class='ocrx_word' id='word_1_318' title='bbox 848 4256 901 4298; x_wconf 92' lang='lat' dir='ltr'><strong>ens</strong></span> <span class='ocrx_word' id='word_1_319' title='bbox 931 4237 1071 4318; x_wconf 89' lang='lat' dir='ltr'><strong>primum.</strong></span> <span class='ocrx_word' id='word_1_320' title='bbox 1119 4237 1204 4308; x_wconf 80' lang='lat' dir='ltr'><strong>Quod</strong></span> <span class='ocrx_word' id='word_1_321' title='bbox 1235 4243 1299 4297; x_wconf 86' lang='lat' dir='ltr'><strong>erat</strong></span> <span class='ocrx_word' id='word_1_322' title='bbox 1321 4251 1425 4296; x_wconf 91' lang='lat' dir='ltr'><strong>unum.</strong></span> 
     </span>
     <span class='ocr_line' id='line_1_36' title="bbox 307 4341 1428 4425; baseline -0.004 -17"><span class='ocrx_word' id='word_1_323' title='bbox 307 4345 449 4408; x_wconf 87' lang='lat' dir='ltr'><strong>Similiter</strong></span> <span class='ocrx_word' id='word_1_324' title='bbox 471 4365 523 4408; x_wconf 90' lang='lat' dir='ltr'><strong>eos</strong></span> <span class='ocrx_word' id='word_1_325' title='bbox 535 4365 551 4408; x_wconf 88' lang='lat' dir='ltr'><strong>a</strong></span> <span class='ocrx_word' id='word_1_326' title='bbox 563 4365 595 4408; x_wconf 92' lang='lat' dir='ltr'><strong>se</strong></span> <span class='ocrx_word' id='word_1_327' title='bbox 614 4345 728 4408; x_wconf 90' lang='lat' dir='ltr'><strong>nullum</strong></span> <span class='ocrx_word' id='word_1_328' title='bbox 745 4347 903 4410; x_wconf 87' lang='lat' dir='ltr'><strong>exsistendi</strong></span> <span class='ocrx_word' id='word_1_329' title='bbox 921 4349 1010 4409; x_wconf 81' lang='lat' dir='ltr'><strong>dinem</strong></span> <span class='ocrx_word' id='word_1_330' title='bbox 1027 4347 1117 4408; x_wconf 88' lang='lat' dir='ltr'><strong>habet</strong></span> <span class='ocrx_word' id='word_1_331' title='bbox 1136 4351 1170 4422; x_wconf 90' lang='grc'><strong>(9</strong></span> <span class='ocrx_word' id='word_1_332' title='bbox 1182 4341 1249 4422; x_wconf 79' lang='grc'><strong>36).</strong></span> <span class='ocrx_word' id='word_1_333' title='bbox 1285 4342 1428 4425; x_wconf 89' lang='lat' dir='ltr'><strong>impossi-</strong></span> 
     </span>
    </p>
   </div>
   <div class='ocr_carea' id='block_1_9' title="bbox 0 0 1642 5058">
    <p class='ocr_par' dir='ltr' id='par_1_10' title="bbox 0 0 1642 5058">
     <span class='ocr_line' id='line_1_37' title="bbox 0 0 1642 5058; baseline 0 0"><span class='ocrx_word' id='word_1_334' title='bbox 0 0 1642 5058; x_wconf 95' lang='lat' dir='ltr'><strong> </strong></span> 
     </span>
    </p>
   </div>
  </div>
 </body>
</html>
