3260 5058
658 411 1005 480 -110—

273 589 480 670 perceptio
502 591 569 652 Dei
591 625 634 638 -·
655 591 711 654 hac
732 593 763 653 in
786 611 818 654 re
840 591 929 654 ambo
951 593 1005 654 viri
1029 594 1219 656 consentiunt
1234 631 1277 642 --
1293 598 1398 661 simui-

272 708 361 780 atque
383 701 654 781 intelligendo
683 703 910 782 percipitur
931 703 1018 764 etiam
1042 721 1082 764 re
1108 723 1197 766 vera
1220 709 1395 772 exsistit.

272 811 337 890 Ipsa
361 811 440 871 enim
464 811 537 872 haec
558 811 690 872 absoluta
714 813 866 891 perceptio
884 812 944 873 sive
967 831 1073 874 mens
1097 813 1229 876 diviua
1255 836 1313 878 non
1339 820 1396 880 nisi

272 922 302 982 in
336 921 490 982 ratione
525 922 688 982 humana
723 922 768 982 sui
796 922 890 1002 ipsius
922 923 1039 983 conscia
1063 925 1097 984 iit
1118 924 1219 1004 itaque
1242 927 1272 988 iu
1297 941 1395 991 mente

272 1033 411 1104 humana,
436 1031 583 1110 siquidem
607 1051 667 1092 non
690 1031 770 1092 finita
796 1039 909 1092 tautum
934 1032 1186 1113 determinataque
1209 1037 1262 1097 sed
1280 1039 1392 1102 infinita

271 1141 465 1220 absolutaque
495 1159 548 1202 sna
580 1141 728 1221 cogitandi
760 1141 897 1202 facultate
928 1143 1022 1202 utitur
1050 1161 1149 1204 reram
1183 1147 1392 1230 propriamque

272 1271 355 1313 suam
379 1261 408 1312 et
429 1252 587 1314 essentiam
617 1260 647 1312 et
677 1251 879 1328 exsistentiam
907 1253 1084 1313 manifestat,
1130 1253 1208 1333 Ergo
1237 1257 1262 1316 si
1293 1259 1315 1318 K
1325 1278 1391 1318 an-

272 1362 353 1422 tius
375 1381 441 1422 esse
463 1363 499 1422 ad
523 1363 743 1442 perceptionem
766 1363 948 1424 extrinsecus
964 1363 1104 1424 accedere
1120 1383 1174 1426 nee
1188 1366 1385 1427 ratiocinando

272 1491 307 1534 ex
329 1491 362 1532 ea
385 1473 450 1534 elici
478 1492 565 1553 posse
588 1473 756 1547 contendit,
791 1474 848 1534 hoc
877 1473 908 1534 in
939 1491 987 1534 res
1016 1474 1137 1552 quidem
1167 1475 1260 1536 finitas
1288 1477 1382 1538 deter-

272 1582 457 1664 minatasque
487 1584 588 1664 utique
618 1584 697 1646 cadit
725 1584 776 1644 sed
805 1583 902 1662 quoad
929 1584 1151 1663 perceptionem
1174 1585 1314 1646 infinitam
1335 1585 1385 1646 ab·

272 1693 457 1773 solutamque
487 1693 609 1756 minime
639 1693 724 1754 vaiet.
771 1692 852 1764 Quae
883 1692 981 1753 omnia
1008 1693 1159 1772 praeclare
1181 1695 1391 1773 verissimeque

271 1804 538 1882 dispunctorem,
562 1804 588 1864 si
611 1803 712 1864 Deus
735 1801 866 1862 nonnisi
889 1803 1093 1882 perceptio
1116 1803 1303 1866 absoluta
1326 1823 1391 1866 seu

271 1913 438 1975 infinita
467 1913 504 1973 in
534 1922 660 1974 mente
691 1913 839 1972 demum
870 1912 1034 1972 humana
1062 1913 1122 1973 sui
1146 1913 1278 1993 ipsius
1301 1933 1395 1976 con-

271 2023 351 2084 scia
375 2031 469 2096 esset,
501 2023 581 2102 quod
605 2023 687 2082 nullo
711 2023 798 2083 modo
821 2021 943 2082 concedi
966 2031 1073 2102 potest.
1118 2023 1183 2084 iam
1207 2025 1270 2103 ipsa
1293 2026 1393 2105 potius

270 2133 373 2194 ratio
407 2133 553 2206 humana,
589 2151 648 2192 non
683 2133 781 2194 solum
815 2132 865 2192 ilia
898 2133 1067 2194 communis
1100 2142 1130 2194 et
1159 2135 1305 2196 inerudita
1340 2137 1392 2196 sed

270 2243 409 2303 omnibus
432 2243 519 2302 etiam
542 2242 656 2302 artibus
678 2242 844 2321 litterisque
867 2244 980 2305 exculta
1004 2261 1063 2321 quo
1080 2243 1188 2304 clarius
1207 2244 1391 2306 distinctius·

270 2371 328 2434 que
347 2353 440 2412 Deum
465 2352 629 2430 cogitatae
652 2351 745 2430 magis
769 2352 933 2414 indubitate
956 2354 1071 2414 Deum
1096 2373 1162 2415 ens
1183 2353 1388 2432 infinitum

270 2447 417 2524 omnem
441 2463 542 2524 hunc
565 2462 746 2524 uruudum
771 2463 1029 2543 hominesque
1052 2463 1160 2543 ipsas
1181 2462 1390 2544 majestate

269 2575 385 2654 longe
408 2592 601 2654 superans
625 2593 694 2634 neo
716 2593 904 2653 corporea
928 2574 1083 2653 quadam
1114 2575 1232 2634 forma
1257 2574 1391 2634 iictum

269 2685 336 2746 sed
359 2703 502 2745 summa
526 2692 653 2744 mente
676 2692 782 2744 extra
806 2692 842 2746 et
864 2703 979 2764 supra
1004 2684 1177 2745 hominis
1200 2684 1390 2744 rationem

270 2795 331 2856 sui
354 2794 486 2873 ipsius
510 2793 670 2854 conscia
694 2795 918 2872 praeditum
941 2813 1007 2856 esse
1030 2794 1179 2874 intelligit.
1214 2795 1333 2856 Accedit
1354 2795 1390 2855 ad

268 2906 327 2966 hoc
349 2905 427 2982 quod
453 2903 598 2980 religio
623 2904 742 2981 utique,
770 2903 919 2983 imprimis
941 2923 1009 2965 vero
1032 2905 1256 2966 christiana
1280 2915 1309 2966 et
1330 2905 1389 2966 siu-
1444 2897 1464 2908 ”

269 3014 347 3095 gulis
370 3012 466 3074 verbis
496 3012 614 3073 disertis
644 3020 672 3073 et
702 3013 841 3074 universo
874 3034 929 3074 suo
959 3015 1059 3075 indole
1088 3015 1202 3076 Deum
1237 3015 1266 3076 in
1302 3033 1386 3094 quem

269 3124 420 3186 credimus
460 3131 626 3184 mentem
668 3125 1023 3203 supramondaoam
1066 3133 1171 3186 extra
1214 3125 1391 3189 homines

232 3225 234 3229 ⁸
269 3235 329 3298 sui
353 3235 483 3316 ipsius
506 3232 705 3294 consciam
729 3233 789 3294 sire
812 3235 891 3314 quod
914 3235 993 3296 idom
1017 3235 1162 3314 significat
1183 3253 1388 3313 personam

269 3367 335 3408 esse
358 3347 453 3407 docet.
498 3345 571 3406 Nam
605 3351 638 3404 ut
672 3344 708 3404 de
741 3345 846 3405 ceteris
880 3353 1047 3419 taceamuS,
1082 3345 1139 3405 hoc
1167 3363 1259 3406 unum
1290 3345 1390 3424 quod

268 3459 385 3518 Deum
408 3456 618 3516 adoramus
641 3453 705 3514 sine
729 3454 819 3515 dubio
842 3456 988 3534 postulat,
1025 3464 1058 3515 ut
1080 3474 1147 3516 enm
1171 3464 1251 3516 extra
1273 3463 1391 3516 nosmet

268 3567 351 3646 ipsos
372 3565 492 3644 proprie
515 3563 678 3624 subsistere
702 3572 878 3644 nostrasque
901 3585 1005 3644 preces
1027 3565 1130 3626 audire
1153 3564 1326 3644 cogitemus.
1358 3565 1388 3624 Si

269 3674 458 3754 Hegelius
481 3673 766 3752 hancobjectionem
784 3676 878 3750 affert,
903 3676 1003 3754 quod
1028 3675 1127 3736 [icus
1150 3695 1279 3736 amore
1303 3693 1389 3736 sese

269 3783 500 3846 hominibus
534 3784 811 3859 communicet,
847 3793 949 3846 contra
974 3787 1153 3846 monendum
1184 3793 1245 3857 est,
1281 3786 1387 3865 primo,

269 3897 348 3978 quod
372 3915 425 3957 ens
448 3895 567 3977 propria
591 3914 643 3956 sua
667 3895 858 3957 subsistentia
875 3897 1040 3976 praeditum
1058 3898 1102 3958 rel
1118 3917 1204 3958 mons
1226 3897 1273 3956 sui
1296 3896 1389 3975 ipsius

269 4007 387 4068 conscia
410 4027 469 4068 oon
493 4025 524 4068 se
554 4025 698 4086 suamque
720 4007 892 4080 essentiam,
917 4007 970 4068 sed
993 4007 1115 4068 effectus
1145 4014 1260 4068 tantum
1282 4005 1390 4066 virium

270 4137 345 4197 quae
368 4117 425 4196 ipsi
447 4119 552 4178 insunt
574 4117 640 4178 aliis
658 4130 778 4178 naturae
796 4137 866 4178 suae
890 4117 1002 4178 ratione
1026 4116 1051 4178 ei
1076 4117 1210 4196 cognatis
1233 4116 1331 4195 itaque
1353 4113 1390 4174 ad

270 4227 456 4307 recipiendos
481 4227 553 4288 tales
576 4228 697 4288 eflectus
720 4227 836 4288 idoneis
859 4226 1079 4288 communicare
1097 4233 1210 4306 potest3
1235 4234 1297 4286 tum
1311 4224 1390 4304 quod

270 4338 333 4418 ipsa
357 4338 438 4399 notio
461 4338 581 4412 amoris,
605 4338 739 4419 quamvis
761 4337 957 4400 arctissimam
981 4336 1122 4398 unionem
1146 4336 1292 4415 significet
1310 4333 1390 4414 ejus·
