3236 5076
691 487 775 497 ...
828 401 894 518 36*
928 487 1013 497 ....

291 629 413 712 perlecti
436 637 466 692 et
488 627 595 692 induiti
618 629 744 694 maxime
766 647 852 708 vera3
876 647 945 694 nam
967 629 1101 711 quamuis
1123 629 1200 692 lorte
1220 628 1292 709 llugi
1315 629 1412 709 possit

291 757 345 802 ens
367 739 423 802 tale
445 759 506 802 non
528 739 680 816 exsistere,
704 757 764 804 non
787 747 885 803 tamen
908 741 979 821 llugi
1002 747 1109 820 potest,
1134 737 1199 820 ejus
1214 739 1312 801 ideam
1335 739 1411 800 nibil

290 849 364 914 mibi
393 847 535 912 realitatis
565 849 714 913 exhibere.
759 849 819 912 Sed
848 849 935 931 quia,
970 867 1063 930 quum
1096 848 1196 912 minus
1229 848 1349 911 attendo
1382 858 1412 910 et

291 977 392 1022 rerum
415 957 602 1022 sensibilium
624 959 768 1040 imagines
790 959 884 1021 aciem
905 959 1015 1022 mentis
1036 965 1208 1034 excaecant,
1243 975 1303 1020 non
1325 959 1411 1020 lacile

291 1069 443 1146 recordor,
468 1088 522 1131 cur
542 1069 607 1130 idea
631 1069 708 1132 entis
731 1087 779 1134 me
800 1068 986 1150 perlectioris
997 1067 1164 1130 necessario
1179 1067 1218 1130 ab
1228 1075 1297 1130 ente
1311 1069 1411 1149 aliquo

291 1181 431 1262 procedat
453 1179 533 1260 quod
555 1181 595 1242 sit
617 1199 650 1242 re
672 1199 738 1242 vera
762 1180 931 1262 perfectius,
956 1179 1083 1242 ulterius
1105 1197 1249 1260 quaerere
1272 1179 1345 1240 libet
1365 1197 1410 1240 sn

292 1309 361 1371 ego
391 1291 476 1371 ipsc
505 1289 655 1352 babens
684 1291 786 1354 illam
810 1290 938 1354 ideam
960 1307 1047 1352 esse
1070 1307 1243 1371 possem,
1275 1289 1308 1350 si
1333 1289 1411 1350 talc

292 1417 360 1462 ens
392 1399 543 1464 nullum
576 1399 819 1462 exsisteret?
852 1400 965 1480 Nempe
994 1418 1010 1462 a
1040 1417 1114 1480 quo
1144 1397 1264 1462 essem?
1308 1417 1324 1460 a
1357 1419 1412 1462 me

292 1511 423 1586 scilicet,
446 1511 493 1574 ael
515 1529 531 1573 a
553 1509 788 1592 parentibus
811 1510 856 1572 rel
877 1510 922 1572 ab
944 1510 1040 1572 eliis
1063 1509 1317 1591 quibuslibet
1338 1509 1410 1571 ileo

292 1619 420 1686 minus
442 1621 654 1703 perlectis,
679 1620 754 1682 nibil
775 1619 855 1684 enim
875 1619 941 1702 ipso
960 1619 1120 1701 perfectius
1139 1639 1195 1682 nec
1213 1619 1302 1683 etiarn
1320 1638 1407 1699 aeque

292 1733 456 1814 perlectum
486 1731 608 1813 cogitari
638 1739 690 1794 aut
711 1729 782 1812 fingi
811 1737 919 1812 potest.
964 1729 1052 1810 Atqui
1076 1729 1101 1790 si
1124 1747 1139 1791 a
1164 1747 1218 1792 me
1241 1749 1336 1792 essem
1358 1747 1409 1790 uec

293 1841 458 1904 dubitarem
488 1859 545 1904 nec
574 1850 708 1922 optarem
738 1859 794 1903 uec
823 1841 945 1903 omnino
981 1839 1139 1920 quicquam
1174 1839 1246 1902 mibi
1284 1840 1410 1914 deesset,

293 1969 398 2013 omnes
420 1951 500 2014 enirn
522 1953 738 2031 perfectiones,
773 1969 899 2032 querum
929 1951 993 2012 idea
1024 1949 1121 2031 aliqua
1145 1949 1176 2012 in
1203 1969 1251 2014 me
1273 1958 1319 2012 est
1340 1950 1413 2010 nihi

293 2059 441 2124 dedissem
471 2067 559 2141 atque
588 2061 627 2122 ita
658 2061 784 2142 ipsemet
813 2062 892 2122 Deus
921 2079 1028 2124 essem.
1081 2061 1183 2141 ltaque
1212 2077 1293 2122 nunc
1320 2060 1415 2122 inter·

293 2187 398 2250 rogare
421 2169 515 2231 debeo
537 2169 723 2250 meipsum,
758 2187 795 2232 an
825 2169 950 2232 babeam
979 2171 1108 2251 aliquam
1138 2171 1214 2257 rim,
1249 2187 1303 2251 por
1325 2187 1414 2249 quam

294 2279 411 2340 elllcere
433 2277 561 2359 possim,
586 2287 619 2340 ut
640 2297 695 2360 ego
717 2279 768 2340 ille
790 2279 841 2359 qui
861 2278 923 2359 jam
947 2297 1012 2342 sum
1035 2280 1135 2360 paullo
1158 2289 1226 2362 post
1247 2280 1335 2342 eriam
1357 2280 1415 2342 siro

295 2387 432 2465 brturus3
466 2405 535 2450 nam
558 2407 651 2469 quum
673 2389 748 2451 nibil
769 2389 850 2451 aliud
873 2389 947 2464 sim,
972 2402 1061 2470 quam
1083 2407 1131 2450 res
1153 2390 1286 2469 cogitans
1308 2390 1333 2450 si
1356 2407 1416 2470 qua

295 2495 362 2560 talis
383 2497 427 2560 vis
448 2497 479 2560 in
502 2517 550 2562 me
571 2507 660 2576 esset,
685 2498 751 2581 ejus
772 2498 877 2580 procul
899 2498 989 2560 dubio
1012 2499 1150 2561 conscius
1172 2515 1287 2575 essem;
1310 2500 1362 2562 sed
1386 2507 1417 2561 et

294 2609 405 2673 nullam
428 2629 494 2672 esse
516 2610 652 2690 experior
672 2618 702 2673 ct
723 2629 758 2672 ex
779 2611 837 2674 boc
858 2611 924 2690 ipso
945 2609 1164 2672 evidentissime
1185 2627 1343 2689 cognosco,
1367 2629 1417 2672 me

206 2744 211 2756 ·
294 2719 332 2782 ab
350 2719 449 2800 aliquo
465 2729 533 2782 ente
552 2739 567 2781 a
586 2739 635 2782 me
653 2721 770 2782 diverso
789 2721 967 2800 dependere.
1001 2721 1089 2782 Forte
1107 2739 1177 2781 uero
1193 2719 1266 2781 illud
1285 2737 1340 2782 ens
1355 2738 1416 2780 non

294 2836 340 2890 est
362 2829 441 2890 Dens
460 2847 586 2908 sumque
608 2828 653 2890 vel
675 2847 691 2890 a
710 2829 949 2908 parentibus
967 2830 1131 2909 productus
1149 2829 1195 2891 rel
1213 2849 1230 2890 n
1249 2830 1416 2910 quibus-

295 2937 396 2999 libet
417 2936 509 2997 aliis
532 2937 666 2998 causis
683 2936 755 2998 Deo
774 2938 895 3000 minua
914 2938 1118 3019 perlectis.
1166 2941 1224 3002 Sed
1243 2957 1335 3020 quum
1358 2939 1415 3001 sim

294 3065 343 3110 res
361 3045 494 3127 cogitans
514 3045 668 3127 ideamque
695 3047 916 3127 quandam‘llei
936 3047 966 3108 in
987 3067 1034 3109 mc
1053 3048 1176 3122 babens,
1201 3050 1416 3130 qualiscunque

295 3157 412 3220 endem
432 3157 487 3219 mci
508 3175 595 3218 causa
614 3157 792 3238 assignetur,
816 3157 897 3220 illam
916 3157 1004 3220 etiam
1023 3175 1089 3221 esse
1107 3178 1169 3221 rem
1189 3160 1366 3240 cogitantem
1386 3168 1415 3223 et

294 3270 427 3332 omnium
451 3269 665 3350 perfectionum
682 3286 755 3351 quas
771 3269 832 3332 ileo
854 3270 953 3332 tribuo
975 3270 1071 3332 ideanr
1092 3271 1247 3334 habentem
1263 3272 1414 3336 lawndum

294 3368 365 3456 est,
384 3389 540 3462 potestque
562 3401 667 3444 rursus
691 3382 728 3443 de
749 3381 799 3443 illa
822 3381 924 3461 quaeri
947 3401 984 3442 an
1001 3381 1046 3443 sit
1067 3401 1083 3442 a
1106 3401 1139 3442 se
1161 3381 1206 3443 vel
1224 3382 1261 3443 ab
1282 3381 1353 3459 alia3
1389 3383 1414 3444 si

293 3507 372 3552 ase
394 3499 475 3570 patet
497 3509 532 3554 ex
555 3491 642 3554 dictis
663 3493 773 3554 illam
796 3492 919 3571 ipsam
944 3492 1058 3556 ileum
1081 3509 1183 3567 esse,
1215 3492 1284 3572 quia
1307 3511 1414 3574 nempe

294 3619 386 3680 quum
406 3601 464 3662 vim
484 3601 590 3663 babeat
606 3621 661 3681 per
680 3619 712 3662 se
728 3601 900 3676 exsistendi,
924 3603 1012 3663 babet
1028 3603 1132 3682 procul
1149 3603 1240 3664 dubio
1257 3603 1345 3664 etiarn
1357 3605 1413 3665 rint

294 3709 466 3789 possidendi
497 3727 603 3770 omnes
632 3709 828 3789 perfectiones
857 3729 983 3788 quarum
1007 3711 1158 3774 ideamiu
1183 3713 1335 3774 sehabet.
1382 3713 1413 3773 Si

294 3827 392 3880 autem
405 3817 444 3880 sit
461 3819 505 3880 ab
525 3819 601 3880 alia
621 3835 727 3880 rursus
743 3819 845 3880 eodem
864 3819 951 3880 modo
970 3821 1006 3880 de
1025 3821 1080 3882 bac
1098 3823 1188 3884 altera
1209 3829 1411 3902 quaereretur,

294 3947 332 3990 an
344 3929 454 3991 sitasc
469 3930 514 3991 vel
530 3929 567 3990 ab
583 3929 649 4005 alia,
664 3929 759 3990 donec
770 3929 888 3991 tandem
905 3927 941 3990 ud
959 3949 1113 3994 causam
1134 3932 1310 3994 ultimam
1328 3933 1414 3993 dere-

295 4023 511 4118 niaturquae
533 4039 611 4100 erit
633 4039 743 4100 Deus.
786 4039 864 4100 Satis
886 4039 965 4102 enirn
987 4049 1123 4120 apertum
1146 4053 1201 4116 est,
1227 4042 1343 4104 nullum
1366 4041 1414 4102 hic

295 4148 358 4210 deri
380 4165 570 4228 progressum
593 4149 623 4209 in
646 4149 812 4222 irrlluilum,
847 4151 1020 4228 praesertim
1043 4171 1135 4230 quum
1158 4169 1218 4212 uon
1240 4145 1354 4215 tantum
1376 4152 1413 4212 de

295 4277 381 4321 causa
406 4279 481 4338 qnae
504 4277 551 4321 me
573 4261 644 4322 olim
667 4260 804 4340 produxit
826 4261 875 4321 lric
897 4279 990 4340 agam,
1016 4261 1066 4322 scd
1084 4261 1257 4323 manimede
1276 4261 1413 4341 illaquae

295 4387 343 4432 rue
377 4379 508 4450 tempore
540 4371 687 4450 praesenti
728 4382 890 4432 corrservat.
947 4371 1007 4432 Nec
1044 4369 1115 4450 fingi
1147 4378 1246 4450 potest
1277 4370 1412 4452 plures
