3236 5076
612 453 936 520 ...51-

210 637 270 700 nisi
293 637 447 698 exsistens.
481 635 509 698 11
531 635 573 710 Ea
595 653 644 696 res
665 634 776 696 dieitur
797 634 836 696 in
858 653 927 696 suo
949 649 1096 713 genere
1116 632 1237 694 finita
1258 651 1334 712 quae

210 748 267 810 alia
291 747 426 828 ejusdem
455 753 577 810 naturae
607 744 759 806 terminari
788 752 896 824 potest.
942 743 997 804 Ex.
1020 761 1065 823 gr.
1096 761 1205 823 eorpus
1228 743 1336 804 dicitur

211 859 347 933 finitum,
382 857 450 936 quia
483 856 561 918 aliud
595 873 714 934 semper
746 854 844 934 majus
878 853 1074 934 concipimus.
1121 853 1172 914 Sic
1197 853 1336 932 cogitatio

211 968 269 1030 alia
291 967 467 1046 cogitatione
488 965 674 1028 terminetur.
708 965 744 1026 tt
759 983 868 1044 corpus
885 983 945 1026 non
965 964 1143 1026 terminatur
1157 963 1336 1044 cogitatione

212 1097 269 1140 nec
290 1078 426 1157 cogitatio
449 1096 573 1156 corpore
594 1076 703 1138 lilPer
724 1075 994 1137 substantiam
1017 1074 1151 1156 iuteiiigo
1173 1075 1211 1136 id
1234 1073 1336 1154 quod

212 1188 250 1248 in
273 1207 313 1248 se
335 1196 394 1248 est
415 1195 451 1248 et
472 1205 541 1266 per
562 1205 601 1247 se
623 1185 873 1266 concipitur,
908 1185 965 1247 boc
994 1185 1116 1260 estid,
1152 1183 1239 1265 cujus
1265 1202 1337 1246 oon·

212 1305 314 1378 ceptus
344 1316 402 1358 non
426 1297 538 1376 indiget
559 1303 705 1376 conceptu
728 1296 851 1358 alterins
875 1296 935 1371 rei,
966 1315 981 1357 a
1004 1315 1064 1376 quo
1087 1295 1207 1357 formari
1230 1293 1337 1356 debeat

209 1408 246 1468 lv
267 1408 323 1468 Per
344 1406 583 1468 attributum
606 1405 742 1485 intelligo
764 1405 793 1466 id
812 1406 892 1486 qood
915 1405 1085 1468 intellectus
1108 1405 1144 1466 de
1166 1404 1334 1466 substantia

208 1517 336 1598 percipit
356 1523 510 1596 umquam
526 1515 660 1596 ejusdem
677 1515 838 1594 essentiam
856 1515 1043 1577 constituens
1065 1515 1088 1576 V
1110 1515 1166 1576 Per
1187 1514 1336 1576 modum

208 1628 343 1706 intelligo
365 1625 551 1688 substantiae
580 1626 774 1698 affectiones,
810 1624 872 1686 sive
894 1624 924 1686 id
947 1624 1027 1704 quod
1049 1625 1080 1684 in
1103 1623 1162 1684 aiio
1184 1631 1248 1698 est,
1283 1641 1337 1704 per

210 1737 290 1814 quod
328 1735 419 1796 etiam
456 1734 634 1812 concipitur.
691 1733 727 1794 v1
768 1733 824 1794 Per
864 1733 980 1794 Deum
1021 1732 1157 1813 intelligo
1193 1751 1261 1795 ens
1292 1733 1336 1796 ab

213 1845 336 1905 solute
358 1843 568 1904 infinitum
591 1842 620 1904 id
644 1849 690 1904 est
711 1841 980 1905 substantiam
1003 1848 1254 1904 constantem
1276 1843 1337 1905 in·

214 1952 348 2014 finitis
369 1951 602 2026 attributis,
627 1971 790 2031 quorum
815 1952 1114 2033 unumquodque
1136 1963 1336 2016 aeternam

214 2070 250 2123 et
288 2061 491 2124 infinitam
531 2062 747 2124 essentiam
785 2062 986 2142 exprimit.
1042 2061 1224 2143 Explicatioe
1269 2063 1336 2126 dioc

210 2171 394 2233 absolute
417 2170 643 2246 infinitum,
678 2180 862 2234 nouantem
892 2173 929 2234 in
961 2191 1215 2253 suogenere;
1250 2173 1337 2252 quid·

209 2282 280 2360 quid
304 2282 382 2344 enim
413 2282 450 2342 io
481 2301 551 2344 sue
581 2301 725 2361 genere
754 2291 868 2344 mutum
892 2282 1101 2344 infinitum
1124 2290 1186 2356 est,
1222 2282 1335 2344 infinito

208 2393 246 2454 de
268 2412 303 2452 eo
326 2392 466 2454 attributa
489 2411 598 2472 negare
620 2411 799 2472 possumus;
834 2393 915 2471 quod
937 2400 1036 2455 autem
1062 2392 1247 2454 absolute
1276 2393 1336 2454 in-

211 2503 371 2564 finitum
396 2510 455 2576 est,
490 2503 527 2563 ad
549 2503 617 2580 ejus
639 2502 798 2562 essentiam
822 2502 968 2580 pertinet,
1003 2503 1148 2582 quidquid
1174 2503 1336 2568 essentiam

214 2611 352 2688 exprimit
383 2618 413 2670 et
446 2611 633 2688 negationem
667 2609 780 2672 nullam
813 2609 944 2672 involvit.
990 2611 1040 2672 Vlf
1068 2612 1109 2674 Ea
1132 2631 1181 2674 res
1208 2612 1334 2674 libera

215 2718 347 2793 dicetur,
382 2737 458 2798 quae
480 2739 515 2780 ex
536 2719 599 2781 sola
622 2731 744 2780 naturae
773 2739 844 2782 suae
875 2721 1049 2784 necessitate
1077 2723 1193 2784 exsistit
1213 2735 1243 2784 et
1263 2741 1281 2786 a
1303 2743 1336 2786 se

214 2827 276 2888 sola
299 2828 334 2888 ad
358 2828 505 2907 agendum
528 2829 761 2906 determinatum
795 2833 1025 2894 necessaria
1047 2841 1147 2896 autem
1170 2834 1214 2896 vei
1236 2834 1336 2914 potius

211 2945 364 3013 coacta,
397 2957 473 3017 quae
495 2939 532 3000 ab
555 2939 614 3003 aiio
637 2941 852 3004 determinatur
873 2942 909 3004 ad
932 2943 1136 3006 exsisteudum
1158 2951 1189 3006 et
1210 2962 1336 3024 opemn-

210 3047 282 3108 dum
305 3055 384 3109 certa
408 3048 664 3112 determinatione.
709 3051 772 3112 Vlil
801 3052 858 3114 Per
885 3054 1173 3116 aeternitatem
1196 3054 1335 3133 intelligo

210 3158 304 3236 ipsam
327 3157 544 3233 exsistentiam,
580 3167 728 3239 quatenus
761 3179 797 3222 rx
829 3161 891 3222 sola
922 3163 965 3223 rei
995 3171 1132 3224 aeternae
1163 3164 1335 3225 definitione

212 3267 379 3328 necessario
409 3270 493 3347 sequi
524 3270 702 3348 coneipitur.
747 3270 928 3348 Explicatio:
964 3273 1030 3334 talis
1061 3273 1139 3334 enim
1164 3274 1334 3336 exsistentia

211 3388 245 3438 ut
272 3385 393 3438 aeterna
422 3380 546 3454 veritas,
582 3379 661 3440 sicut
691 3379 735 3440 rei
765 3381 893 3442 essentia
923 3383 1090 3462 concipitur
1119 3392 1335 3464 proptereaque

210 3507 265 3567 per
286 3487 471 3550 durationem
494 3497 545 3550 aut
566 3496 686 3569 tempus
709 3489 848 3570 expficari
871 3510 930 3554 non
954 3501 1061 3572 potest,
1088 3495 1202 3556 tametsi
1218 3494 1335 3558 duram

212 3598 357 3678 principio
391 3605 421 3660 et
453 3601 511 3660 fine
545 3617 646 3660 carere
680 3600 876 3680 concipietur.
922 3603 1039 3674 Quibus
1072 3603 1231 3683 conjuncta
1264 3614 1335 3667 sunt

210 3709 426 3770 Axiometa:
450 3709 463 3768 i
486 3709 621 3770 Omnia
651 3727 750 3789 quae
780 3722 872 3772 sunt
899 3712 959 3774 vei
982 3712 1020 3773 in
1051 3733 1091 3775 se
1112 3714 1172 3776 vei
1194 3714 1233 3776 in
1255 3715 1334 3776 aiio

211 3825 313 3878 sunt.
359 3818 386 3879 lt
409 3817 449 3878 td
472 3819 573 3896 quod
596 3839 664 3898 per
693 3820 804 3884 aliud
826 3840 900 3883 non
923 3831 1057 3902 potest
1082 3825 1244 3903 concipi
1267 3843 1335 3904 per

212 3943 251 3986 se
283 3927 444 4006 concipi
477 3927 603 3992 debet.
649 3930 690 3990 ΙΙΙ
719 3931 769 3992 Ex
797 3932 887 3994 data
918 3951 1036 3996 causa
1067 3933 1334 3996 determinata

211 4036 444 4100 necessario
474 4038 656 4116 seponitur
685 4040 874 4116 effectus,
913 4051 1125 4118 eteontra,
1158 4043 1192 4104 si
1222 4042 1332 4104 nulla

212 4148 326 4208 detur
355 4166 471 4208 eausa
502 4149 787 4226 determinata,
814 4151 1091 4230 'impossibile
1121 4161 1178 4214 est
1210 4161 1249 4214 ut
1278 4157 1334 4215 ef-

212 4257 342 4318 fectus
365 4266 566 4336 sequatur.
601 4260 638 4320 lV
659 4260 840 4325 Effectus
862 4261 1041 4340 cognitio
1063 4282 1078 4324 a
1102 4263 1333 4344 cognitione

212 4385 352 4430 causae
374 4368 570 4447 dependet
592 4376 627 4430 et
649 4369 809 4432 eaodem
840 4369 1015 4438 involvit.
1061 4372 1209 4443 VQ'uae
1232 4372 1333 4434 nibil

1129 4470 1162 4518 μ
1226 4491 1229 4499 ,
