3236 5076
603 459 925 526 mu...

138 636 140 640 ’
202 641 366 720 inperfecti
386 648 416 702 et
434 639 556 719 per’iecti
572 639 641 701 boni
654 639 861 718 proiioiseitur,
885 657 977 718 quum
995 637 1088 718 ipsam
1103 639 1319 719 piriirrsopiriem

201 750 423 814 oonsointn'eem
447 749 494 810 liis
516 750 578 810 iere
599 747 699 810 uerbis
721 748 890 828 loquentem
913 748 1045 808 inducit:
1073 749 1320 830 Quonioqueee

202 861 240 922 sit
272 858 499 939 imperfecti
529 877 605 938 quae
634 859 723 920 etiem
754 859 924 938 perfecti
955 857 1047 918 honi
1082 859 1174 920 forme
1209 859 1317 930 vidisti,

201 989 281 1042 nune
314 969 579 1030 demonstrandum
601 984 697 1042 reor,
742 987 874 1046 quonum
904 969 978 1029 haee
1006 968 1155 1029 ieiioitutis
1180 970 1320 1048 perfectio

182 1080 357 1144 >constitue
378 1079 428 1140 sit.
475 1079 507 1140 ln
532 1097 593 1157 quo
616 1077 689 1138 iiiud
713 1080 842 1157 primum
865 1077 996 1138 arbitror
1017 1077 1246 1158 inquirendum,
1282 1097 1319 1139 au

199 1189 352 1268 aliquid
382 1188 612 1268 hujusmodi
642 1187 784 1248 bouum
808 1186 895 1266 queis
918 1187 1018 1266 peuiio
1040 1196 1107 1248 ante
1130 1189 1260 1250 definisti
1282 1189 1319 1248 iu

199 1317 326 1360 rerum
347 1308 489 1362 nature
515 1299 644 1380 possit
666 1296 887 1360 exsistere?
910 1317 948 1359 ne
970 1317 1025 1359 nos
1048 1307 1164 1378 praeter
1185 1299 1227 1360 rei
1250 1299 1320 1360 suir-

194 1409 289 1488 jocus
316 1410 475 1487 ,sederem
508 1429 591 1472 sasso
625 1409 806 1488 cognitionis
838 1409 936 1488 imago
969 1409 1106 1488 tleoipiut.
1153 1409 1211 1470 Sed
1232 1410 1319 1489 quiu

197 1520 369 1582 exsistet
389 1520 488 1599 sitque
511 1521 568 1580 hoe
589 1520 678 1581 veluti
709 1519 865 1598 quidam
895 1520 1063 1580 omnium
1086 1521 1175 1580 fons
1198 1520 1320 1580 bono-

196 1649 276 1692 rum
303 1630 405 1706 negari
429 1630 542 1708 nequit.
589 1630 685 1693 Omne
718 1629 797 1690 enim
829 1629 909 1707 quod
942 1629 1218 1707 imperfectum
1254 1649 1319 1690 esse

196 1739 345 1803 dieiturid
358 1739 626 1800 diminutione
650 1738 816 1817 persenti
839 1737 1045 1816 imperfectum
1058 1757 1123 1798 esse
1136 1737 1317 1817 perhibetur.

196 1848 262 1918 ooo
285 1849 327 1922 iit,
352 1855 384 1910 ut
407 1847 485 1908 siin
510 1845 644 1926 quolibet
665 1865 773 1925 genere
796 1845 1072 1925 imperfectum
1096 1846 1166 1925 quid
1191 1864 1257 1908 esse
1278 1848 1320 1909 ri·

196 1957 317 2032 dentur,
352 1957 383 2018 iu
406 1976 441 2018 eo
474 1958 696 2037 perfeetum
729 1976 848 2036 quoque
877 1957 990 2036 aliquid
1019 1976 1085 2017 esse
1116 1975 1238 2018 neeesse
1265 1958 1315 2018 sit.

97 2121 101 2128 .
195 2066 314 2131 Etenim
344 2067 525 2146 perfectione
555 2067 687 2141 subiate,
724 2068 802 2128 unde
828 2067 857 2128 id
880 2068 960 2146 quod
987 2067 1192 2146 imperfectum
1216 2068 1318 2147 perhi-

194 2175 282 2238 betur
304 2177 449 2250 exstiterit
472 2177 603 2256 notingi
633 2177 754 2255 quidem
782 2183 890 2256 potest.
936 2177 1038 2257 Neque
1061 2178 1140 2238 enim
1163 2198 1180 2238 a
1203 2178 1318 2238 dimi-

194 2287 306 2350 nutis
339 2287 752 2367 inconsummatisque
787 2295 891 2348 nutum
922 2307 1021 2348 rerum
1051 2288 1130 2368 oepit
1152 2288 1316 2360 exmdirrnr,

193 2397 244 2458 sed
267 2397 305 2458 ab
334 2397 507 2477 integris
536 2397 818 2477 absolutisque
847 2398 1012 2476 procedens
1040 2398 1069 2460 iu
1093 2399 1166 2459 haee
1187 2376 1344 2460 extremo*

194 2514 283 2585 utque
306 2508 390 2570 effeta
415 2506 565 2567 ditabitur.
612 2507 724 2577 Quodsi
749 2515 781 2566 ut
803 2507 903 2585 nautio
929 2515 997 2568 ente
1020 2507 1250 2568 monstravimus
1273 2517 1318 2568 est

192 2615 381 2692 quaedem
404 2615 497 2674 boni
524 2614 686 2692 fragilis
713 2615 946 2693 imperfecto
974 2615 1154 2676 ielieitns
1176 2635 1242 2676 esse
1264 2617 1318 2676 eii·

193 2741 286 2802 quem
305 2701 464 2785 solidum
488 2725 756 2803 perfectamque
779 2724 1097 2804 nonpotestdnbituri.
1122 2726 1314 2798 Firmissime,

192 2833 325 2912 inquom
349 2833 562 2913 verissimeque
584 2832 758 2894 eoneiosum
781 2842 835 2896 est.
879 2835 1046 2910 Quorum,
1072 2835 1179 2916 inquit,
1205 2835 1317 2898 habitet

193 2943 233 3006 ite
256 2943 423 3006 considere.
469 2943 583 3004 Deum
615 2961 715 3004 rorum
737 2943 874 3005 omnium·
894 2946 1058 3024 prinoipem
1089 2945 1229 3007 honum
1251 2962 1317 3006 esse

193 3053 361 3116 eommunis
384 3054 583 3114 hrrmunorum
606 3055 761 3134 oooeeptio
783 3054 889 3133 probat
910 3056 1088 3117 animorum.
1128 3055 1204 3116 Nom
1223 3073 1316 3134 quum

191 3162 266 3226 nihii
288 3163 352 3224 Deo
372 3164 479 3224 meiius
502 3163 624 3242 eogitari
648 3173 745 3242 queat,
771 3165 800 3224 id
823 3183 884 3242 quo
906 3165 1012 3226 meiius
1036 3165 1111 3226 nihil
1135 3172 1183 3224 est
1203 3165 1315 3224 botrum

192 3288 258 3330 esse
291 3271 362 3348 quis
393 3270 531 3332 dubitet?
574 3273 630 3332 lto
660 3291 728 3332 vero
758 3273 898 3333 honum
929 3291 995 3333 esse
1021 3273 1097 3333 retio
1117 3273 1313 3346 demonstret,

193 3387 225 3438 ut
252 3380 474 3457 perfeetum
503 3399 622 3458 quoque
651 3381 789 3442 bonum
821 3398 888 3442 esse
915 3381 946 3441 in
970 3399 1005 3441 eo
1027 3381 1193 3442 oonrinoot.
1239 3381 1314 3456 Nam

192 3487 222 3548 ni
246 3486 304 3548 tale
334 3487 390 3548 sit:
425 3505 554 3548 rerum
588 3489 756 3550 omnium
783 3490 969 3570 princeps
1003 3505 1070 3552 esse
1101 3509 1162 3552 nou
1193 3492 1312 3570 poterit.
1376 3469 1378 3473 ,

192 3596 257 3659 Erit
285 3595 366 3658 enim
394 3615 430 3657 eo
459 3597 657 3676 praestantius
688 3599 800 3679 aliquid
831 3617 980 3662 summum
1010 3601 1167 3680 possidens
1190 3601 1312 3675 bonum,

191 3706 270 3785 quod
293 3705 351 3766 hoe
374 3706 456 3785 prius
485 3714 574 3787 etque
601 3707 755 3788 andqoius
784 3726 850 3772 esse
878 3708 1029 3790 rideatur3
1065 3710 1315 3790 unumquemque

190 3815 319 3896 perfeeto
344 3814 442 3876 minus
464 3816 588 3896 integris
611 3817 1010 3897 prioraesseeimuerunt·;
1040 3835 1132 3898 quere
1156 3835 1197 3880 ne*
1213 3821 1246 3880 in
1266 3819 1314 3881 tir

191 3923 306 3986 inritum
341 3925 416 3986 ratio
457 3927 598 4005 procedet
630 3929 841 3990 confitendum.
870 3935 932 4004 est,
978 3945 1165 3996 summu-ur
1197 3931 1313 3992 iteum

191 4034 329 4097 summi
353 4033 444 4096 boni
475 4053 562 4096 esse
584 4037 873 4115 pienissimum.
918 4037 978 4099 Sed
1003 4037 1320 4118 peureet'umoo:

82 4194 87 4204 .
191 4161 275 4206 num
316 4163 385 4206 esse
418 4163 543 4206 rerem
585 4145 878 4208 beatitudinem
912 4149 1142 4225 eomtituimue3
1187 4146 1316 4218 rerem

191 4253 281 4332 igitur
303 4254 591 4318 beatitudinem
615 4254 653 4316 in
675 4275 821 4318 summo
844 4257 919 4321 Deo
941 4258 1058 4322 sitam
1080 4277 1169 4322 osso
1192 4257 1312 4323 treeesse

192 4371 245 4422 est.
292 4363 349 4423 Sed
373 4383 494 4442 quaeso,
520 4364 650 4444 inquam,
676 4383 802 4444 quisnam
824 4366 856 4426 id
870 4374 1086 4447 'seneteotque
1108 4368 1315 4438 insidiabiiiter
