3260 5058
653 433 1072 502 -tat—-⁴

264 613 315 694 qui
337 614 505 694 praecipuis
527 612 639 693 ingenii
663 613 782 674 dotibus
805 614 936 676 exornati
960 621 1030 676 sunt
1052 613 1194 676 eximium
1219 618 1393 698 saepissime

265 732 294 785 et
314 723 510 786 admiratione
531 729 632 784 nostra
662 722 870 802 dignissimum
900 724 991 786 animi
1021 724 1134 788 cultum
1158 737 1391 807 consequantur,

264 833 302 894 ita
327 840 360 894 ut
381 851 441 894 nou
464 832 603 912 aequales
625 831 734 907 solum,
759 832 811 894 sed
828 833 991 914 posteriora
1005 834 1093 896 etiam
1110 836 1267 900 hominurn
1283 857 1392 918 genera

263 943 372 1004 virtute
395 948 557 1022 praestent,
582 941 685 1022 quales
708 948 780 1003 sunt
802 941 855 1002 viri
878 942 908 1002 in
932 962 1109 1022 quocunque
1132 944 1326 1008 scientiarum
1347 949 1393 1010 vel

264 1054 459 1114 honestarum
493 1052 602 1114 artium
636 1071 744 1132 genere
778 1051 848 1114 elati
882 1053 1006 1132 ingenii.
1062 1054 1252 1134 Imperfectiu
1284 1059 1393 1120 mentis

266 1170 383 1224 nostrae
415 1168 530 1223 tantum
568 1181 585 1222 e
625 1160 795 1222 definita
837 1162 1186 1244 determinataque
1229 1175 1393 1230 naturae

263 1273 454 1334 humanae
487 1270 724 1332 conditione
757 1270 870 1346 oritur,
906 1291 981 1352 quae
1010 1272 1048 1334 in
1073 1273 1189 1338 Deum
1218 1295 1277 1336 non
1301 1279 1390 1340 cadit.

265 1382 328 1442 lmo
351 1381 469 1460 potius,
505 1399 597 1460 quum
617 1380 679 1460 jam
710 1379 828 1442 animus
858 1389 960 1443 noster
988 1383 1141 1444 rationalis
1170 1392 1211 1444 tot
1239 1385 1389 1464 tantisque

264 1492 377 1553 viribus
400 1491 552 1572 praeditus
575 1491 630 1568 sit,
667 1499 702 1552 ut
722 1491 823 1571 piures
845 1499 991 1572 perpetuo
1013 1495 1139 1556 virtutes
1160 1494 1215 1555 sibi
1236 1495 1386 1575 acquirere

265 1609 295 1662 et
317 1601 439 1662 remotis
462 1601 600 1664 omnibus
623 1601 762 1662 cancellis
784 1601 815 1662 in
838 1602 989 1664 infinitum
1009 1605 1170 1684 procedere
1192 1613 1295 1684 queat:
1317 1604 1388 1684 quid

265 1711 399 1792 impedit,
424 1711 585 1791 quominus
607 1719 737 1773 mentem
761 1719 790 1772 et
811 1711 965 1774 intellectu
988 1721 1017 1774 et
1038 1713 1159 1793 ingenio
1186 1721 1218 1776 et
1242 1714 1391 1775 voluntate

266 1839 391 1901 prorsus
413 1821 671 1882 indeterminatam
702 1820 898 1901 absoluteque
927 1823 1086 1902 perfectam
1110 1824 1253 1886 exsistere
1275 1841 1394 1886 censea-

267 1929 357 1992 mus?
380 1934 423 1990 An
446 1931 521 1992 forte
544 1931 602 1992 sui
626 1929 756 2010 ipsius
779 1931 1033 1993 conscientia
1057 1951 1132 2012 quae
1149 1934 1270 2013 proprie
1287 1931 1394 1994 mentis

268 2058 324 2119 per
357 2057 390 2100 se
427 2039 652 2100 subsistentiam
690 2039 750 2100 sive
784 2059 943 2119 personam
977 2041 1133 2102 constituit
1165 2041 1395 2103 necessario

267 2149 641 2211 determinationem
665 2149 828 2229 ideoque
851 2149 1193 2230 imperfectionem
1216 2149 1395 2212 includit?

266 2258 302 2318 At
324 2258 380 2318 boc
402 2258 485 2318 nullo
515 2258 604 2318 modo
633 2258 753 2337 probari
783 2267 889 2338 potest.
936 2259 1053 2320 Etenim
1084 2259 1177 2319 nostri
1204 2258 1299 2337 ipsius
1323 2277 1396 2319 con-

268 2365 390 2428 scientia
413 2367 443 2427 id
466 2367 565 2443 efficit,
590 2385 650 2428 non
675 2376 707 2429 ut
728 2377 845 2430 nosmet
864 2369 945 2450 ipsos
961 2367 1096 2429 terminis
1113 2366 1395 2429 circumscribamus

268 2483 298 2536 et
319 2475 510 2553 definiamus,
546 2477 599 2538 sed
621 2497 817 2559 quaecunque
840 2487 892 2540 aut
914 2477 1054 2540 sensibus
1077 2484 1129 2539 aut
1149 2476 1304 2539 intellectu
1327 2495 1396 2557 per-

268 2587 433 2666 ceperimus
456 2588 492 2649 ad
514 2606 570 2649 nos
592 2588 674 2668 ipsos
696 2591 860 2651 referamus
883 2590 983 2668 itaque
1006 2606 1157 2650 summurn
1179 2587 1255 2648 ritae
1276 2595 1397 2648 nostrae

267 2697 356 2758 tinem
380 2697 410 2758 iu
433 2697 520 2759 nobis
542 2697 615 2778 ipsis
637 2698 767 2778 positum
792 2717 857 2759 esse
880 2717 1113 2778 cognoscamus,
1145 2715 1203 2778 qua
1225 2696 1396 2758 conditione

234 2825 237 2831 ·
268 2805 382 2866 sublata
411 2807 500 2868 bomo
523 2826 578 2870 nec
601 2807 785 2868 intellectum
814 2825 870 2867 nec
898 2807 1080 2868 voluntatem
1112 2825 1167 2867 nec
1196 2824 1295 2867 mores
1324 2824 1395 2868 suos

268 2915 421 2994 usquead
445 2933 610 2991 summam,
646 2933 735 2995 quam
758 2915 900 2992 consequi
924 2915 1001 2976 valet
1027 2917 1241 2994 perfectionem
1264 2915 1394 2976 excolere

267 3030 379 3104 posset.
426 3023 503 3095 Ouid
525 3024 616 3104 igitur
638 3025 797 3087 dicendum
820 3023 908 3086 nobis
930 3021 1008 3084 erit‘f
1040 3024 1085 3084 An
1107 3024 1165 3084 hoc
1186 3025 1300 3104 ipsum,
1331 3025 1391 3086 sine

268 3153 328 3214 quo
351 3142 478 3196 mentem
509 3153 541 3196 re
570 3153 638 3197 vera
668 3155 721 3216 per
749 3155 782 3198 se
812 3133 1024 3196 subsistentem
1054 3151 1092 3194 ne
1122 3133 1253 3211 cogitare
1275 3135 1393 3214 quidem

268 3264 445 3324 possumus,
477 3245 534 3307 hoc
556 3246 671 3326 ipsum,
703 3247 845 3328 iuquam,
880 3243 960 3326 quod
983 3242 1094 3304 mentis
1121 3250 1240 3304 nostrae
1263 3243 1396 3324 quamvis

269 3355 484 3418 determinatae
515 3365 544 3418 et
572 3356 761 3437 imperfectae
792 3375 908 3420 summa
938 3354 1117 3436 praestantia
1148 3362 1177 3415 et
1202 3354 1396 3416 inexhaustus

269 3465 367 3526 omnis
389 3467 498 3527 interni
521 3468 672 3546 profectus
694 3468 761 3528 fons
784 3476 839 3544 est,
864 3466 981 3528 numini
996 3465 1094 3526 divino
1117 3472 1285 3544 competere
1308 3482 1396 3543 nega-

269 3573 391 3634 bimus?
424 3575 546 3636 Minime
578 3595 657 3638 vero.
704 3577 762 3638 Sed
792 3576 817 3637 si
847 3583 1015 3636 mentem
1049 3573 1110 3634 sui
1143 3574 1273 3654 ipsius
1307 3593 1397 3634 con-

269 3681 390 3744 sciam
435 3685 791 3763 perfectissimam,
838 3703 937 3764 quae
980 3683 1197 3762 cogitando
1240 3682 1395 3763 percipi

269 3799 403 3872 potest
430 3793 592 3854 formam
622 3812 710 3855 esse
740 3813 775 3854 ex
797 3793 992 3873 praecedente
1021 3799 1122 3853 nostra
1145 3793 1396 3854 demonstratione

269 3920 444 3982 persuasum
467 3902 623 3980 babemus,
647 3903 719 3979 Deo,
745 3903 805 3964 enti
829 3902 1045 3982 perfectissimo
1068 3903 1148 3964 bunc
1169 3904 1302 3983 profecto
1325 3901 1396 3964 sub-

270 4011 394 4073 sistendi
418 4013 539 4075 modum
562 4022 592 4076 et
613 4032 731 4077 summo
754 4012 875 4093 quidem
902 4012 995 4092 gradu
1017 4011 1179 4074 attribuere
1201 4011 1284 4074 nullo
1307 4011 1395 4073 modo

271 4121 485 4184 dubitabimus.

682 4259 981 4268 ..r—ffl-
