3260 5058
607 465 956 533 -107-

215 650 337 712 sistente
359 647 526 728 persuasio.
574 647 672 708 Prima
702 645 799 726 quoad
828 647 905 708 hanc
934 665 996 708 rem
1027 647 1161 708 definitio
1188 647 1261 709 haec
1282 655 1338 710 est.

185 731 187 738 ,
215 759 340 832 Quando
370 777 433 820 rem
460 757 591 837 aliquam
612 757 745 825 ,scientia
776 756 954 836 recipimus,
992 758 1057 837 ipsa
1080 758 1153 820 haec
1180 775 1229 819 res
1254 756 1340 836 quasi

215 877 306 932 ante
328 863 467 930 oculos
490 867 605 928 nobis
636 867 874 928 obversatur
896 874 927 928 et
948 887 1003 928 nos
1025 867 1194 930 immediate
1216 868 1253 928 ed
1275 885 1339 929 eam

216 981 384 1040 relerimur.
441 979 498 1039 Sed
522 977 710 1038 immediatae
733 977 803 1038 lruic
826 977 933 1038 rationi
956 978 1034 1038 inest
1055 977 1211 1052 mediatio,
1251 995 1340 1057 quam

219 1088 483 1150 elevationem
506 1087 548 1148 ad
571 1088 688 1148 lleutn
710 1088 889 1161 vocavimus
915 1105 990 1167 quae
1010 1088 1103 1149 ellicit
1124 1096 1157 1149 ut
1179 1107 1263 1149 mens
1285 1089 1341 1149 hu·

219 1216 304 1259 mana
328 1197 553 1258 determinatum
585 1215 692 1257 vanurn
722 1197 925 1276 caducumque
955 1215 1021 1258 esse
1051 1197 1207 1258 existimet.
1254 1197 1340 1270 Quod

218 1308 346 1388 pertinet
366 1307 401 1368 ad
425 1308 502 1368 hanc
523 1308 739 1387 quaestionem,
764 1307 860 1386 primo
884 1307 993 1368 notio
1015 1307 1083 1368 Dei
1107 1307 1190 1368 sola
1214 1315 1341 1370 mente

215 1419 476 1499 percipienda
500 1417 716 1479 consideranda
740 1426 802 1492 est;
834 1418 960 1480 libera
984 1437 1144 1498 puraque
1167 1427 1197 1479 et
1219 1417 1341 1480 mani-

214 1530 316 1589 sesta
340 1529 550 1607 perceptio
574 1535 636 1600 est,
668 1545 738 1588 snae
761 1527 857 1606 ipsius
880 1528 1126 1590 manifestationis
1148 1527 1338 1609 principium,

215 1657 280 1699 esse
303 1638 369 1718 ejus
392 1637 513 1698 alterins
536 1637 580 1698 rei
603 1655 690 1698 causa
714 1646 759 1697 est
781 1637 844 1716 ipsa
868 1637 933 1717 ejus
956 1637 1124 1700 exsistentia
1148 1647 1177 1699 et
1198 1637 1341 1699 exsisten-

216 1748 274 1808 tiae
304 1748 370 1826 ejus
400 1747 625 1808 fundamentum
657 1754 702 1808 est
730 1765 837 1808 mens
867 1747 1004 1822 linita,
1040 1749 1097 1808 hcc
1127 1756 1172 1808 est
1193 1748 1339 1824 alterum;

124 1867 129 1874 ’
217 1858 299 1917 linita
332 1866 432 1917 autern
459 1875 544 1917 mens
578 1866 607 1918 et
636 1858 815 1918 conscientia
848 1866 893 1919 est
921 1877 970 1919 res
1000 1859 1161 1919 individua.
1215 1859 1340 1920 Summa

217 1966 308 2046 hujus
329 1967 482 2044 religionis
505 1968 683 2028 christianae
706 1975 751 2029 est
773 1969 856 2044 haec,
881 1977 914 2029 ut
936 1969 1143 2049 unusquisque
1164 1970 1247 2032 hunc
1270 1985 1339 2048 pro-

218 2093 347 2150 cessum,
373 2095 432 2156 quo
455 2077 534 2137 Deus
557 2078 587 2138 in
610 2085 708 2138 mente
731 2078 811 2138 finita
835 2097 900 2139 sese
923 2079 1092 2139 manifestat
1108 2087 1137 2140 et
1153 2079 1230 2140 inea
1244 2079 1340 2141 mani·

215 2186 368 2247 festatione
391 2187 446 2248 sibi
470 2187 527 2266 ipsi
540 2187 618 2248 idern
640 2193 671 2248 et
693 2173 746 2269 par
766 2203 811 2249 est
827 2187 981 2267 intelligat.
1013 2188 1146 2249 Tertium
1160 2197 1214 2265 est,
1239 2190 1340 2269 quod

213 2297 420 2376 perceptio
459 2297 626 2378 ejusque
664 2298 842 2359 essentia
879 2317 993 2360 unttm
1025 2298 1207 2378 idemque
1236 2307 1337 2361 sunt.

198 2405 386 2487 ¹Communis
416 2407 536 2486 quidem
568 2407 765 2486 plurimorum
796 2408 952 2468 hominum
983 2407 1151 2470 intellectus
1179 2411 1339 2470 essentiam

216 2514 664 2605 perceptionemqueacerrime
687 2516 840 2595 distinguit
863 2525 893 2578 et
915 2523 1077 2598 utrumque
1100 2519 1155 2578 sibi
1179 2519 1236 2598 ipsi
1260 2520 1339 2582 idem

217 2628 247 2679 et
279 2638 332 2698 par
369 2639 434 2681 esse
464 2631 584 2696 censet,
630 2631 758 2684 attamen
790 2645 825 2686 ex
858 2637 998 2690 consueta
1026 2627 1088 2708 jam
1119 2629 1239 2690 notione
1272 2649 1340 2709 per-

218 2729 314 2808 ceptio
344 2729 409 2790 sine
439 2731 567 2792 essentia
597 2733 767 2812 imperfecta
797 2744 825 2797 et
856 2739 927 2800 salsa
959 2747 1003 2800 est
1033 2757 1125 2819 neque
1154 2757 1188 2800 ac
1211 2741 1337 2801 essentia

218 2856 294 2916 quae
323 2839 437 2900 ratione
468 2842 578 2921 percipi
610 2844 722 2922 nequit.
776 2847 852 2908 llaec
881 2849 1092 2925 contradictio,
1125 2867 1200 2928 quae
1230 2851 1260 2911 in
1289 2869 1338 2911 res

215 2947 314 3008 linitas
338 2949 606 3030 determinatasque
636 2953 731 3030 eadit,
763 2957 858 3036 quoad
889 2977 943 3020 ens
973 2959 1121 3020 inlinitum
1152 2960 1213 3021 sive
1244 2961 1338 3022 lleum

216 3057 298 3117 nullo
342 3059 431 3119 modo
471 3061 593 3140 cogitari
635 3072 742 3143 potest.
799 3068 971 3148 Perceptio,
1016 3070 1102 3149 cujus
1143 3089 1198 3130 nos
1237 3080 1338 3150 partes

217 3168 422 3244 defendimus,
458 3172 679 3235 christiana
713 3178 879 3238 secundnm
913 3179 1063 3259 propriam
1094 3199 1128 3240 ac
1157 3182 1337 3260 peculiarem

212 3297 289 3357 quae
318 3279 344 3339 ei
375 3281 516 3360 competit
547 3283 673 3342 formam
703 3285 831 3364 amplius
861 3288 1073 3374 consideranda
1106 3297 1135 3350 et
1165 3291 1335 3370 explicanda

211 3395 267 3448 est.
331 3389 458 3450 Obvenit
500 3389 588 3450 nolris
629 3391 677 3452 hie
722 3396 931 3475 perceptio
972 3399 1039 3460 Ilei
1081 3401 1161 3461 omni
1202 3401 1337 3462 libertate

209 3498 295 3578 quasi
326 3506 482 3573 exornata,
519 3517 594 3578 quae
625 3501 744 3580 quidem
776 3506 926 3585 perceptio
956 3527 1024 3569 curn
1055 3510 1182 3572 essentia
1212 3529 1336 3590 prorsus

123 3641 125 3646 κ
208 3607 291 3668 idern
321 3615 352 3668 ct
383 3627 437 3689 par
459 3619 515 3670 est.
561 3611 636 3672 Esse
667 3612 751 3673 notio
781 3615 843 3675 sola
874 3626 974 3679 mente
1003 3621 1192 3700 percipienda
1216 3631 1245 3683 et
1267 3641 1337 3683 sane

209 3717 401 3796 egentissima
432 3727 493 3793 est,
538 3719 591 3780 sed
621 3723 772 3802 perceptio
802 3743 861 3786 non
892 3728 966 3788 adeo
996 3747 1086 3808 egens
1116 3740 1161 3792 est
1194 3708 1227 3794 ut
1259 3733 1335 3794 hane

210 3826 415 3889 definitionem
435 3817 510 3888 'non
544 3830 704 3893 contineat.
761 3834 835 3896 Esse
868 3836 921 3897 nei
954 3855 1013 3899 non
1045 3859 1079 3900 ex
1112 3841 1168 3902 hac
1206 3844 1336 3904 notionis

209 3937 271 3998 sola
293 3945 393 3998 mente
417 3939 624 4018 percipiendae
648 3951 779 4021 egestate
801 3954 831 4006 et
852 3947 907 4007 ista
931 3949 1046 4010 ratione
1069 3950 1143 4011 lalsc
1165 3952 1334 4015 immediata

210 4047 458 4110 considerandum
483 4050 569 4112 nobis
592 4060 646 4128 est,
671 4055 723 4114 sed
747 4073 813 4116 esse
836 4058 935 4136 potins
960 4067 1108 4139 tamquam
1131 4081 1197 4124 esse
1214 4065 1278 4138 Dei,
1303 4074 1336 4124 nt

210 4159 362 4218 materiam
386 4160 469 4238 qnasi
495 4181 568 4240 qnae
591 4164 810 4242 perceptionem
834 4166 886 4226 Dei
905 4187 937 4228 re
956 4187 1022 4230 vera
1043 4171 1233 4234 exsistentem
1247 4175 1336 4236 efficit

211 4273 309 4328 mente
333 4276 430 4329 nostra
453 4273 608 4350 concipere
631 4273 784 4336 debemus.
832 4276 931 4356 ltaque
953 4277 1002 4339 hic
1025 4298 1089 4340 csse
1112 4281 1148 4342 ad
1172 4285 1334 4363 perceptio-

124 4429 131 4444 ,
212 4393 280 4436 uem
313 4377 454 4440 accedere
487 4381 532 4442 vel
565 4401 633 4444 curn
667 4385 858 4464 perceptione
888 4389 1089 4452 consociatum
1120 4399 1150 4453 et
1178 4392 1208 4453 in
1239 4411 1332 4455 unum
