3236 5076
626 455 947 526 *pq--

226 637 292 702 llei
332 639 510 718 separari
550 657 659 719 quam
699 637 743 700 ab
784 639 963 702 essentia
1007 637 1203 718 trianguli
1244 657 1348 719 mag·

225 749 448 811 nitudinem
478 749 597 810 trium
627 749 713 829 ejus
742 749 977 830 angulorum
1008 750 1229 830 aequalium
1252 750 1349 816 duo·

225 859 297 920 bus
326 859 450 920 rectis
480 859 561 920 sive
591 859 635 920 ab
665 860 743 922 idea
774 861 908 926 montis
937 860 1053 922 ideam
1083 860 1208 936 vallis,
1243 861 1282 922 ita
1317 868 1349 927 ut

225 987 285 1032 non
326 969 419 1048 magis
460 977 606 1049 repugnet
646 969 825 1048 cogitare
864 970 981 1032 Deum
1015 970 1088 1045 (hoc
1127 978 1174 1032 est
1204 989 1349 1034 summe

226 1081 465 1159 perlectum)
496 1081 558 1142 cui
589 1080 689 1142 desit
719 1080 963 1142 exsistentia
995 1081 1067 1155 (boe
1090 1089 1135 1142 est
1156 1081 1218 1142 cui
1241 1080 1349 1142 desit

226 1189 357 1268 aliqua
379 1190 599 1268 perfectio)
630 1209 718 1268 quarn
748 1189 928 1269 cogitare
958 1198 1126 1252 montem
1156 1189 1220 1252 cui
1243 1189 1349 1254 desit

227 1300 343 1362 vallis
400 1301 606 1362 Verumtamen
640 1319 678 1360 ne
707 1299 819 1379 possim
849 1299 970 1380 quidem
1001 1300 1130 1379 cogitare
1160 1299 1254 1362 Deum
1287 1299 1348 1363 nisi

227 1410 417 1472 exsistentem
442 1417 477 1470 ut
498 1428 595 1489 neque
617 1419 748 1475 montem
772 1409 836 1470 sine
858 1409 941 1484 valle,
965 1417 1114 1483 atcerte,
1139 1418 1173 1472 ut
1194 1427 1291 1490 neque
1313 1427 1349 1472 ex

224 1539 259 1596 eo
282 1520 384 1599 quod
405 1519 573 1598 cogitem
596 1527 763 1580 montem
786 1537 867 1580 eum
890 1518 995 1580 valle
1017 1519 1153 1598 sequitur
1175 1519 1349 1598 aliquem

224 1638 390 1690 montem
414 1629 451 1689 in
475 1629 617 1690 mundo
639 1647 741 1703 esse,
766 1629 805 1689 ita
829 1647 926 1706 neque
948 1647 983 1688 ex
1005 1647 1040 1688 eo
1063 1629 1156 1707 qued
1179 1629 1348 1708 cogitem

225 1739 338 1799 Deum
361 1749 402 1798 ut
424 1737 687 1801 exsistentem
709 1737 1129 1815 ideosequivideturlleum
1152 1737 1347 1812 exsistere;

226 1847 375 1910 nullam
397 1847 496 1908 enim
520 1846 803 1912 necessitatem
827 1846 1020 1925 cogitatio
1042 1865 1121 1908 mea
1144 1845 1264 1913 rebus
1286 1846 1350 1908 im·

227 1937 341 2036 ponit
362 1966 391 2017 et
412 1956 661 2035 quemadmodum
685 1955 839 2036 imaginari
862 1956 931 2018 licet
960 1975 1098 2037 equum
1126 1957 1269 2020 alatum
1293 1957 1349 2018 etsi

227 2065 328 2129 nullus
361 2085 457 2146 equus
488 2066 578 2128 habet
598 2066 678 2139 alas,
714 2065 752 2128 ita
787 2067 863 2128 torte
896 2066 957 2128 Deo
990 2067 1191 2131 exsistentiam
1224 2086 1347 2148 pessum

226 2175 383 2254 affingere,
419 2175 473 2236 etsi
504 2175 604 2238 nullus
635 2177 713 2238 Deus
743 2175 874 2238 exsistat.
920 2176 983 2238 lmo
1013 2176 1165 2256 sophisma
1187 2177 1236 2240 bic
1258 2177 1346 2254 latet;

225 2285 423 2365 nequeenim
447 2305 481 2348 ex
505 2305 541 2348 eo
571 2287 671 2366 quod
702 2305 775 2348 non
806 2285 955 2366 possim
978 2287 1159 2366 cogitare
1181 2295 1349 2350 montem

224 2396 304 2458 uisi
337 2415 419 2458 cum
452 2396 554 2458 valle
585 2398 722 2477 sequitur
754 2395 907 2460 alicubi
941 2405 1109 2458 montem
1140 2404 1177 2458 et
1205 2397 1347 2461 vallem

225 2505 448 2580 exsistere,
492 2507 546 2568 sed
579 2515 694 2568 tantum
727 2514 893 2568 montem
927 2513 964 2565 et
995 2505 1135 2566 vallem
1170 2506 1252 2566 sive
1285 2524 1349 2568 ex-

221 2605 375 2676 sistant
414 2614 497 2674 sive
537 2632 612 2674 non
652 2615 850 2674 exsistant
889 2632 906 2674 a
940 2631 980 2674 se
1019 2621 1153 2674 mutuo
1187 2614 1348 2692 sejungi

227 2741 301 2784 non
345 2741 480 2801 posse;
525 2729 615 2800 atque
655 2741 690 2782 ex
730 2740 766 2782 eo
806 2721 909 2800 quod
947 2739 1021 2782 nnn
1054 2722 1202 2800 possim
1243 2722 1349 2800 cogi·

228 2838 310 2894 tar-e
332 2831 447 2892 ileum
471 2831 553 2892 uisi
576 2831 837 2894 exsistentem
860 2830 997 2909 seqnitur
1024 2831 1305 2894 exsistentiam
1332 2851 1349 2894 a

224 2939 301 3004 Deo
330 2959 415 3002 esse
444 2940 757 3020 inseparabilem
787 2959 822 3002 ae
845 2940 969 3020 preinde
999 2959 1082 3002 eum
1111 2959 1150 3001 re
1173 2960 1261 3004 vera
1284 2961 1349 3004 ex·
1396 2943 1398 2948 ’

224 3051 388 3127 sistere,
414 3071 474 3112 non
498 3052 577 3131 quod
600 3051 738 3132 cogitatio
762 3071 826 3114 mea
849 3052 906 3113 hoc
928 3052 1037 3112 efficiat
1057 3051 1258 3132 sircaliquam
1283 3071 1346 3114 ne·

224 3163 390 3226 cessitatem
414 3163 466 3224 ulli
489 3163 531 3222 rei
555 3163 704 3241 imponat,
737 3162 790 3224 sed
813 3169 914 3223 contra
938 3161 1006 3240 quia
1028 3161 1124 3241 ipsius
1147 3162 1207 3238 rei,
1239 3181 1347 3242 nempe

225 3272 411 3334 exsistentiae
432 3272 485 3332 Dei
515 3273 675 3334 necessitas
704 3291 753 3335 me
783 3272 959 3334 determinat
987 3272 1023 3332 ad
1054 3271 1110 3334 hoc
1137 3273 1345 3352 cogitandum

226 3381 425 3458 nequeenim
445 3381 521 3444 milri
544 3381 670 3442 liberum
701 3393 762 3449 est.
799 3381 891 3442 Deum
925 3381 1038 3459 absque
1071 3382 1240 3444 exsistentia
1275 3384 1347 3460 (hoc

226 3497 271 3552 est
291 3508 344 3552 ens
367 3508 483 3552 summe
512 3490 676 3569 perlectum
704 3489 816 3570 absque
846 3509 961 3552 summa
985 3492 1179 3570 perfectione)
1203 3494 1343 3574 cogitare,

226 3605 257 3659 ut
280 3598 407 3660 liberum
429 3606 474 3660 est
496 3617 606 3678 equum
628 3598 673 3660 vel
696 3617 764 3660 cum
787 3599 842 3662 alis
864 3599 909 3662 rel
931 3600 995 3662 sine
1017 3600 1072 3662 alis
1095 3601 1261 3682 imaginari.

310 3708 393 3770 Siout
413 3709 588 3776 Anselmc
612 3708 895 3772 cantuariensi
917 3712 1066 3791 quendam
1091 3714 1260 3776 Gaunilc
1281 3735 1346 3778 mo·

225 3834 316 3878 naeus
347 3821 425 3896 (cap.
450 3818 489 3892 ll)
523 3818 562 3880 ita
587 3819 768 3887 Cartesio
801 3839 920 3900 quoque
953 3823 1054 3904 plures
1087 3825 1168 3890 illius
1201 3827 1344 3906 temporis

223 3926 278 3988 riri
301 3927 380 3988 docti
402 3928 658 4004 contradixerunt,
688 3947 814 4009 querum
837 3931 999 3994 sententias
1026 3933 1090 4012 ipse
1112 3935 1198 4003 nobis
1221 3936 1252 3998 in
1275 3955 1346 4016 ope·

223 4036 306 4098 ribus
328 4037 392 4098 suis
413 4037 542 4116 reliquit.
588 4039 670 4100 Inter
691 4059 767 4119 quos
790 4041 1035 4104 Gassendius
1059 4043 1255 4124 philosophus
1278 4046 1344 4127 ejus

224 4146 432 4224 disputationis
461 4129 565 4208 auctor
586 4167 653 4209 esse
674 4149 863 4228 perhibetur,
900 4169 975 4230 quae
1005 4151 1180 4214 inscribitur
1200 4155 1344 4233 primae

223 4256 495 4336 objectiones,
543 4277 669 4337 quarum
711 4277 857 4320 summam
898 4260 1027 4322 breviter
1065 4262 1114 4324 hie
1151 4283 1341 4344 exponemus.

224 4365 412 4441 Omittamus,
437 4385 511 4447 quae
530 4367 652 4448 reliquis
670 4368 792 4431 Cartesii
809 4371 965 4432 sententiis
983 4371 1019 4434 de
1035 4371 1159 4453 iisquae
1174 4373 1343 4438 indubium
