3260 5058
661 433 1009 500 —tla—

267 607 412 688 judicium
436 609 546 671 lactum
569 619 614 672 est
636 613 689 689 (cl.
715 569 1056 695 Schelliugium-iu
1081 615 1165 679 novis
1188 621 1300 699 quibus
1322 626 1396 707 phy-

270 710 392 790 siologia
416 711 594 792 speculativa
618 721 759 775 tractatur
788 717 1030 794 ephemeridibus
1052 720 1065 779 l
1088 739 1117 798 p.
1142 717 1184 783 39
1207 742 1274 803 sqq.
1323 729 1395 789 lle-

269 813 415 892 gelinm
438 813 469 874 in
498 814 732 894 Eucyclopaedia
756 823 774 889 §
797 816 836 878 51
860 827 890 878 et
912 820 942 879 iu
965 819 1220 885 Praelectionibos
1243 827 1280 887 de
1306 847 1395 908 argu-

269 915 378 976 mentis
402 935 454 995 pro
479 915 530 976 [lei
553 917 721 978 exsistentia
745 921 905 998 propositis
928 939 956 1002 p.
970 920 1031 982 171
1057 927 1140 1002 sqq.)
1164 925 1222 986 hoc
1241 929 1392 1007 judicium

269 1017 398 1095 exceptis
420 1035 496 1096 qnae
518 1017 548 1077 iu
573 1018 733 1080 llantiauao
756 1021 990 1084 adumbrationis
1017 1026 1253 1089 conformatione
1283 1031 1394 1112 imper-

268 1119 374 1179 fectius
397 1119 537 1198 explicata
561 1127 647 1194 suut,
682 1139 784 1182 verrini
809 1122 853 1182 vel
880 1123 986 1184 falsum
1010 1124 1067 1184 diei
1091 1135 1206 1204 potest,
1242 1131 1391 1210 siqnidem

268 1223 304 1284 ad
327 1223 357 1283 id
379 1223 565 1302 respicimus
590 1225 668 1303 quod
691 1225 768 1303 apud
792 1224 847 1284 bos
870 1225 1062 1305 pbilosoplros
1085 1247 1139 1306 pro
1163 1230 1389 1312 theologica

268 1323 317 1385 illa
340 1325 393 1386 Dei
416 1326 547 1401 notione,
572 1327 658 1405 cnjus
681 1343 747 1385 vera
771 1325 939 1386 exsistentia
961 1327 1019 1387 isto
1042 1341 1216 1408 argumento
1235 1335 1387 1411 probanda

268 1433 346 1499 erat,
382 1427 514 1506 ipsarum
537 1428 653 1507 propria
685 1425 818 1488 numinis
847 1427 937 1487 divini
969 1431 1119 1509 perceptio
1149 1433 1297 1510 supposita
1326 1445 1381 1496 est.

267 1525 308 1588 Ea
331 1527 383 1588 Dei
406 1529 588 1604 exsistentia,
612 1528 697 1608 cujus
720 1529 967 1589 demonstrandae
983 1549 1071 1592 cansa
1088 1533 1283 1611 ontologicum
1307 1535 1384 1598 siout

266 1629 380 1709 reliqna
412 1630 511 1691 omnia
544 1640 714 1710 argumenta
756 1630 1001 1710 proponebantur
1038 1642 1102 1694 erat
1134 1653 1201 1696 esse
1234 1644 1385 1698 externum

267 1731 404 1792 sensibus
442 1732 696 1812 experientiaaque
727 1731 912 1811 subjectum,
955 1733 1144 1810 exsistentia,
1187 1757 1244 1817 qna
1284 1747 1387 1818 negata

266 1833 393 1895 salubris
416 1833 452 1894 ad
475 1835 617 1894 veriorem
641 1834 706 1914 ejus
728 1835 967 1914 perceptionem,
991 1835 1027 1894 ad
1052 1835 1258 1913 idealismum,
1282 1841 1319 1900 ad
1343 1841 1389 1902 in-

265 1937 415 1997 tellectum
445 1937 553 1998 mentis
582 1937 643 1997 sive
672 1945 794 1997 naturae
824 1937 939 1998 divinae
968 1956 983 1997 a
1015 1944 1044 1998 et
1072 1957 1126 2016 per
1154 1957 1187 2000 se
1217 1941 1388 2003 exsistentis

266 2047 414 2118 tamqnam
438 2040 583 2100 esseutiae
605 2047 634 2099 et
656 2039 738 2099 ideae
761 2039 882 2100 moralis
905 2039 1101 2116 transgressio
1124 2041 1199 2102 lacta
1223 2051 1278 2104 est.

349 2143 393 2203 Ex
414 2143 479 2212 bis,
504 2159 579 2221 quae
602 2141 638 2202 de
660 2143 825 2220 argumenti
848 2141 1006 2220 ontologici
1031 2143 1151 2202 historia
1175 2143 1290 2220 egimus
1313 2146 1387 2206 satis

263 2251 396 2325 apparet,
420 2243 499 2302 viros
522 2243 639 2316 doctos,
664 2243 715 2321 qni
738 2243 808 2304 iude
831 2243 867 2304 ab
890 2244 1103 2323 antiquissimis
1132 2243 1274 2304 ecclesiae
1305 2246 1386 2306 obri-

264 2347 377 2408 stiauae
399 2343 582 2424 temporibus
604 2343 640 2406 ad
664 2353 800 2406 nostrum
824 2367 919 2427 nsque
942 2346 1089 2408 saeculum
1112 2345 1182 2405 boio
1204 2356 1383 2424 argumento

264 2448 425 2511 excolendo
456 2447 516 2509 sire
546 2447 624 2527 quod
654 2447 732 2509 idom
763 2458 809 2511 est
837 2449 1036 2510 exsistentiam
1059 2446 1111 2506 nei
1140 2447 1292 2526 exipsius
1316 2448 1381 2509 idea

263 2549 370 2611 rationi
403 2549 550 2610 hnmanae
582 2549 669 2611 insita
704 2551 933 2612 demonstrando
966 2567 1086 2628 operam
1110 2566 1193 2607 suam
1225 2556 1380 2622 naverunt,
1460 2609 1462 2612 .

263 2651 353 2712 niulta
377 2652 508 2731 prolecto
536 2651 626 2730 bujns
654 2651 821 2731 argumenti
851 2660 880 2712 et
910 2651 1023 2730 egregia
1052 2649 1195 2709 elementa
1219 2649 1382 2710 contulisse

261 2771 318 2814 nec
339 2763 436 2814 tameo
461 2754 644 2833 propositum
669 2754 747 2813 omui
771 2772 807 2812 ex
835 2763 918 2832 parte
941 2751 1110 2832 perlecisse.
1157 2752 1238 2822 Quae
1261 2752 1380 2831 quidem

261 2855 445 2935 imperiectio
468 2855 695 2934 haudquaquam
726 2854 795 2914 viris
828 2853 886 2913 illis
909 2851 1108 2930 sagacissimis
1132 2853 1291 2930 exprobrio
1314 2873 1381 2914 cen·
1478 2871 1481 2877 ·

261 2959 351 3020 senda
375 2967 430 3018 ast.
476 2959 547 3018 Nam
572 2965 600 3017 et
623 2957 678 3016 hoc
700 2963 849 3016 tentameu
880 2955 955 3014 sicut
986 2953 1082 3012 omnis
1105 2953 1228 3012 omnino
1251 2955 1379 3016 veritatis

261 3059 479 3138 investigandae
501 3075 584 3118 amor
606 3065 635 3116 et
657 3055 787 3116 studium
818 3053 929 3132 ingenii
959 3052 1107 3112 contentio
1137 3059 1199 3125 est,
1232 3073 1320 3132 quam
1343 3073 1380 3115 ne

261 3161 359 3221 onmia
383 3159 502 3238 quidem
527 3157 641 3218 saecula
664 3155 772 3216 nedum
796 3154 905 3234 singoli
928 3152 1060 3232 quamvis
1090 3152 1303 3230 sapientissimi
1327 3157 1380 3214 bo·

157 3333 161 3343 l
259 3261 356 3320 mines
380 3261 519 3339 perlicere
543 3257 646 3330 valent,
671 3257 721 3317 sed
742 3277 816 3338 qnae
834 3255 942 3336 passim
960 3253 1088 3312 virorum
1105 3253 1259 3314 doctorum
1273 3255 1379 3315 studiis

259 3361 472 3439 laboribusque
502 3360 538 3420 ad
561 3359 703 3438 majorem
729 3357 917 3439 perfectiouis
947 3355 1071 3435 gradum
1102 3355 1243 3434 pervenit.
1291 3356 1378 3427 Qtris·

259 3461 326 3541 quis
349 3461 440 3540 igitur
461 3460 492 3520 in
522 3461 579 3520 boc
608 3479 696 3539 opere
720 3459 899 3539 perficiendo
930 3475 1017 3536 quam
1042 3457 1166 3516 maxima
1194 3456 1257 3517 lieri
1282 3464 1378 3536 potest

259 3561 408 3640 diligentia
433 3579 551 3638 operam
575 3579 656 3620 snam
681 3568 775 3634 navat,
800 3559 854 3619 etsi
877 3577 936 3618 non
961 3556 1051 3619 multa
1075 3553 1125 3616 sed
1142 3557 1238 3634 aliqua
1262 3564 1376 3616 tantum

258 3661 294 3721 ad
317 3679 419 3720 verum
442 3658 569 3737 amplius
592 3659 757 3738 meliusque
781 3657 1005 3736 intelligendum
1028 3657 1152 3729 conlert,
1178 3675 1295 3716 sommo
1309 3675 1377 3735 pro-

258 3761 334 3820 fecto
357 3759 470 3818 honore
494 3758 601 3834 diguus
624 3767 677 3818 est.
724 3760 825 3818 Restat
851 3757 923 3836 jam,
949 3765 982 3817 ut
1005 3773 1059 3814 nos
1088 3755 1144 3834 ipsi
1167 3765 1376 3834 argumentum

257 3878 312 3940 pro
334 3859 386 3919 nei
413 3858 582 3919 exsistentia
616 3858 814 3936 ontologicum
849 3875 921 3917 nova
956 3855 1081 3935 quadam
1115 3857 1160 3916 via
1193 3875 1227 3916 ac
1261 3857 1376 3916 ratione

258 3961 442 4021 conlormare
463 3959 646 4020 studeamus.
678 3960 719 4019 Ad
743 3977 915 4038 quamnam
941 3957 1149 4038 perficiendam
1172 3957 1260 4018 altera
1284 3957 1375 4036 hujus

257 4069 376 4121 nostrae
399 4061 615 4122 dissertationis
638 4069 720 4138 parte
742 4060 922 4122 accedimns.

681 4278 958 4316 ψ
