3260 5058
684 409 1008 492 -ua—

282 611 343 654 non
366 592 403 654 ad
426 591 613 654 efficiendam
636 609 712 670 quae
742 590 870 652 obtineri
893 591 998 670 nequit
1026 591 1155 671 speciem
1178 609 1232 672 per
1253 593 1403 656 somnium

281 702 410 765 ,oblatam
431 701 483 762 sed
502 701 539 763 ad
558 701 776 779 assequendum
796 701 988 781 praecipuum
1008 701 1137 762 universi
1150 702 1268 780 generis
1280 703 1403 764 humani

281 813 372 874 tinem
394 830 513 892 operam
537 829 623 872 suam
645 829 753 872 navare
774 811 887 871 conscii
910 810 967 872 sibi
991 818 1070 872 sunt.
1113 811 1191 872 Sunt
1213 811 1334 890 quidem
1355 832 1404 873 vc·

281 921 384 984 ritates
408 929 470 983 tum
493 919 634 981 omnibus
655 919 828 980 hominibus
850 920 1052 994 necessariae,
1077 927 1140 981 tum
1163 921 1266 1000 paucis
1290 929 1404 984 tantum

282 1031 457 1094 destinatae.
504 1029 562 1091 Sed
592 1029 630 1090 iis
659 1029 832 1091 veritatibus
854 1046 980 1109 quarum
1009 1030 1100 1090 homo
1124 1038 1156 1090 ut
1178 1031 1268 1091 homo
1290 1030 1404 1110 indiget

282 1141 489 1220 unusquisque
521 1139 697 1202 instructam
734 1139 824 1200 debet
861 1139 971 1200 habere
1000 1147 1150 1216 mentem,
1174 1139 1215 1201 ita
1244 1148 1278 1200 ut
1299 1159 1349 1202 eas
1371 1160 1403 1204 re

281 1269 350 1312 vera
371 1247 497 1328 adipisci
519 1249 623 1328 possit.
670 1248 815 1310 Similiter
837 1249 873 1310 de
896 1249 933 1309 iis
955 1249 1127 1310 veritatibus
1150 1257 1180 1310 et
1208 1250 1404 1329 perceptioni·

281 1359 349 1434 bus,
373 1356 503 1438 quaein
526 1375 618 1437 regno
641 1357 773 1419 veritatis
804 1376 837 1418 re
861 1376 925 1418 vera
949 1365 1019 1418 sunt
1042 1357 1214 1438 quicunque
1237 1377 1286 1419 eas
1308 1359 1403 1438 possi-

282 1469 354 1530 dent
375 1471 565 1532 consentiant
586 1487 710 1531 necesse
733 1477 795 1545 est,
831 1459 866 1531 iit
887 1469 1097 1531 veritatem
1127 1487 1294 1550 regnare
1323 1477 1403 1530 recte

282 1578 340 1640 dici
361 1565 477 1659 possit.
536 1579 696 1641 Enimvero
729 1579 786 1640 hoo
823 1580 904 1658 quod
937 1579 1106 1640 necessario
1140 1579 1283 1640 exsistere
1316 1578 1404 1639 debet

281 1705 407 1768 regnum
429 1689 560 1750 veritatis
591 1707 714 1768 genus
744 1689 951 1750 humanum
982 1690 1007 1750 si
1037 1689 1122 1750 solo
1149 1689 1278 1769 ipsius
1300 1689 1404 1749 arbi-

281 1798 362 1865 trio
395 1817 444 1859 res
477 1799 667 1879 permittatur
699 1798 893 1878 consequi
925 1799 1075 1878 nequit.
1121 1799 1224 1878 Magna
1247 1798 1403 1859 hominum

281 1927 351 1988 pars
383 1909 458 1970 vita'e
490 1927 562 1970 suae
596 1907 767 1970 conditione
796 1908 836 1968 ita
859 1908 1037 1987 deprimitur
1059 1907 1254 1988 terminisque
1277 1908 1404 1970 circum·

282 2017 437 2093 scribitur,
462 2025 494 2078 ut
515 2036 601 2078 verae
623 2017 829 2096 perceptiones
852 2036 912 2078 non
935 2018 1063 2097 amplius
1085 2037 1173 2098 quam
1197 2019 1276 2098 quod
1300 2018 1405 2079 attinet

282 2127 319 2188 ad
342 2126 542 2188 conditionem
573 2145 657 2187 suam
687 2126 825 2186 sensibus
855 2127 1019 2206 subjectam
1057 2127 1183 2207 ejusque
1212 2129 1403 2189 necessitates

282 2253 372 2296 curae
393 2233 430 2294 iis
453 2235 523 2295 sint.
568 2234 640 2295 Aliis
670 2234 772 2296 multis
801 2253 833 2295 re
857 2253 923 2296 vera
945 2235 1041 2298 alacre
1068 2237 1199 2297 veritatis
1222 2237 1403 2299 desiderium

283 2341 375 2418 inest3
410 2343 463 2403 sed
492 2361 577 2404 saeva
609 2343 745 2404 homines
774 2343 953 2404 obscurandi
984 2345 1162 2424 cupiditate,
1198 2365 1289 2425 quae,
1332 2346 1399 2424 quia

284 2451 404 2513 eaedem
428 2441 567 2513 omnibus
590 2451 775 2532 temporibus
798 2453 864 2533 ejus
887 2472 992 2515 causae
1014 2463 1146 2528 manent,
1171 2455 1268 2516 denuo
1283 2471 1399 2534 semper

282 2561 320 2622 ad
343 2561 538 2622 obtinendum
561 2561 719 2641 imperium
742 2563 897 2624 contendit
918 2563 1131 2643 impediuntur,
1157 2565 1317 2644 quominus
1328 2563 1401 2624 reri·

281 2679 371 2734 tatem
388 2671 601 2751 adipiscantur.
637 2671 771 2752 Denique
794 2691 885 2751 quum
908 2673 1043 2752 ipsorum
1066 2673 1219 2734 hominnm
1243 2681 1303 2734 tam
1325 2673 1402 2734 varia

237 2817 239 2820 -
282 2781 343 2843 siut
365 2781 481 2860 ingenia
505 2780 552 2842 vix
575 2799 706 2860 uuquam
729 2781 842 2860 sperari
865 2789 973 2860 potest,
997 2789 1032 2843 ut
1044 2781 1209 2844 necessaria
1222 2783 1404 2844 communis-

282 2909 340 2970 que
352 2888 575 2969 perceptionum
595 2889 674 2950 inter
692 2907 743 2950 eos
762 2889 813 2969 qui
829 2889 896 2950 ilias
911 2891 1066 2970 possident
1078 2891 1234 2952 consensio
1246 2891 1401 2954 efficiatur.

281 2997 361 3078 Ergo
395 3015 539 3058 summa
561 3015 680 3058 ‘mens
713 2999 884 3059 exsistat
916 3017 1079 3061 necesse
1102 3009 1178 3077 est,
1210 3019 1285 3080 quae
1308 3001 1404 3062 omni-

281 3109 413 3189 potentia
443 3115 472 3168 et
501 3107 645 3188 sapientia
676 3127 728 3170 sua
759 3127 819 3170 non
853 3109 950 3170 solum
980 3127 1102 3186 eorum,
1137 3111 1189 3191 qui
1212 3111 1352 3191 depressa
1375 3120 1405 3172 et

264 3197 406 3298 ¹angusta
429 3217 599 3279 conditione
621 3219 710 3279 vitam
733 3218 845 3298 degunt
867 3228 977 3280 sortem
1002 3219 1155 3282 meliorem
1178 3221 1285 3296 reddit,
1309 3221 1348 3281 ita
1372 3227 1404 3281 ut

281 3328 434 3391 veritatem
456 3327 620 3407 inteliigere
642 3328 768 3407 possint,
793 3329 843 3388 sed
868 3329 954 3390 etiam
979 3329 1075 3409 quoad
1099 3348 1166 3405 eos,
1198 3329 1307 3409 quibus
1328 3329 1404 3390 veri·

281 3437 350 3499 tatis
370 3435 550 3498 desiderium
564 3455 596 3497 re
612 3455 678 3498 vera
691 3437 771 3497 inest
785 3436 879 3515 magis
902 3438 1055 3517 magisque
1074 3438 1172 3499 omnia
1192 3437 1403 3517 impedimenta

281 3547 360 3607 tollit
389 3545 608 3624 periectiusque
637 3544 668 3604 in
699 3545 763 3606 dies
785 3546 842 3606 hoc
868 3546 973 3621 efficit,
1009 3554 1043 3607 ut
1069 3546 1277 3626 unusquisque
1299 3547 1329 3606 in
1353 3545 1401 3621 iis,
1457 3627 1460 3633 Ι

282 3673 358 3733 quae
387 3651 526 3732 intelligit
557 3671 689 3714 verum
722 3653 868 3732 intelligat
900 3655 1027 3734 ideoque
1061 3674 1134 3716 una
1168 3663 1283 3716 tantum
1317 3656 1404 3716 detur

281 3761 469 3824 veritatis
502 3779 587 3832 vox,
623 3779 699 3840 quae
732 3781 836 3828 omnes
865 3763 1002 3824 homines
1032 3764 1069 3824 de
1100 3783 1157 3825 una
1185 3763 1348 3843 eademque
1370 3782 1403 3824 re

279 3871 447 3952 J'udicantes
479 3871 566 3951 regit.
619 3871 722 3950 Itaque
755 3871 781 3932 si
810 3853 911 3952 negari
945 3873 1065 3952 nequit,
1100 3874 1235 3954 singulos
1269 3892 1404 3954 quosque

282 3981 419 4043 homines
441 3989 469 4043 et
497 3981 668 4042 universum
697 4000 792 4061 genus
822 3983 985 4044 homanum
1015 3985 1166 4045 communi
1194 4003 1249 4045 suo
1278 3985 1337 4044 fine
1366 3982 1404 4044 ad

283 4089 340 4151 boc
361 4095 518 4170 generatos
542 4107 625 4166 esse,
662 4098 694 4152 ut
715 4091 868 4152 veritatem
891 4101 1091 4172 cognoscant,
1128 4101 1190 4156 tum
1221 4093 1309 4154 etiam
1339 4092 1404 4153 sine

283 4199 364 4260 omni
387 4198 479 4260 dubio
502 4200 617 4262 Deum
640 4201 838 4262 exsistere
861 4201 1021 4264 dicendum
1043 4202 1110 4263 erit.

368 4309 451 4380 Qtrae
473 4308 662 4390 sagacissima
691 4310 823 4391 protecto
846 4311 1059 4373 demonstratio
1086 4310 1260 4390 gravissima
1283 4309 1404 4390 quidem
