3236 5076
626 455 949 526 mog„-

222 655 254 700 se
275 645 363 711 nota,
397 655 476 716 quae
498 655 533 698 ex
563 636 698 698 terminis
727 636 771 698 sic
799 635 951 718 conceptis
980 645 1015 698 ut
1035 645 1107 700 eunt
1135 637 1201 719 ejus
1223 638 1343 700 termini

221 755 291 810 nata
312 755 359 808 est
383 746 472 808 habet
494 746 660 808 evidentem
689 746 924 826 complexionem
945 746 1093 824 veritatis3
1128 746 1165 810 de
1187 754 1256 810 ente
1277 747 1369 808 inti·¹

221 856 285 918 nito
307 874 367 916 non
389 863 488 936 potest
510 855 707 918 demonstrari
730 865 894 937 propter
922 856 1033 936 quid,
1079 857 1131 918 sed
1161 855 1258 937 quoad
1287 875 1344 918 nos

220 965 384 1046 propositio
407 972 453 1026 est
473 964 717 1028 demonstrabilis
739 965 993 1028 demonstratione
1014 966 1105 1047 quia
1128 985 1164 1028 cx
1185 966 1340 1028 creaturis.

221 1075 288 1154 lpse
310 1075 409 1154 itaque
430 1093 447 1136 a
469 1074 711 1154 contingentibus
733 1075 823 1138 rebus
839 1075 968 1136 causatis
980 1074 1016 1136 ad
1033 1093 1152 1138 causam
1165 1077 1343 1140 efficientem

221 1185 386 1264 procedens
408 1185 605 1264 cosmotogico
628 1187 722 1246 utitur
742 1191 926 1264 argumento.
972 1186 1107 1247 Attamen
1136 1186 1343 1266 sagacissimae

222 1295 287 1374 ejus
312 1295 559 1356 demonstrationi
590 1294 792 1374 ontologioum
822 1295 900 1356 inest
926 1303 1151 1374 argumentum,
1186 1315 1280 1376 quum
1302 1296 1342 1358 ita

222 1405 390 1476 concludit:
430 1404 669 1466 Effectivurn
691 1404 838 1466 nullam
861 1403 1206 1484 imperfectionem
1229 1405 1344 1485 ponit

221 1515 450 1576 necessario
473 1533 544 1594 ergo
567 1514 795 1576 effectivum
818 1514 1094 1594 independens
1115 1521 1215 1595 potest
1240 1513 1342 1578 inesse

221 1623 310 1686 alicui
332 1633 454 1686 naturae
478 1624 571 1686 etitta
588 1631 633 1686 est
655 1621 901 1703 simpliciter
922 1623 1064 1703 prima,
1089 1642 1160 1704 ergo
1182 1623 1343 1686 eiieeti·

220 1733 322 1794 vitas
344 1729 591 1813 simpliciter
619 1730 741 1812 primo
766 1743 825 1793 cst
853 1731 1068 1812 possibilis
1091 1740 1121 1794 et
1141 1731 1199 1794 hoc
1220 1731 1340 1806 suiticit,

222 1842 289 1922 quia
311 1841 437 1904 inferius
466 1842 661 1904 concludetur
690 1861 724 1903 ex
754 1841 829 1917 hoo,
864 1841 944 1919 quod
972 1841 1030 1903 tate
1057 1839 1188 1903 efficiens
1210 1840 1342 1922 primum

222 1951 248 2012 si
280 1959 325 2013 est
356 1951 498 2032 possibile
528 1961 573 2012 est
601 1951 632 2012 iu
661 1969 704 2012 re.
757 1950 928 2012 Primum
961 1949 1191 2012 effectivum
1224 1957 1269 2012 est
1302 1949 1341 2012 iu

220 2068 309 2122 actu
331 2061 532 2124 exsistens
556 2068 585 2122 et
613 2059 747 2140 aliqua
777 2068 918 2120 natura
947 2065 1036 2120 actu
1058 2059 1260 2122 exsistens
1282 2059 1342 2120 sic

219 2178 280 2232 est
306 2170 504 2232 effectiva.
550 2168 706 2232 Probatio:
741 2167 827 2248 cujus
855 2167 963 2230 rationi
992 2175 1138 2248 repugnat
1166 2168 1342 2249 simpliciter

219 2299 307 2342 csse
330 2279 373 2341 ab
402 2279 554 2358 aliquo,
589 2277 663 2341 illud
694 2277 719 2338 si
748 2285 847 2358 potest
875 2296 941 2340 csse
970 2283 1103 2356 potest
1131 2296 1220 2340 csse
1241 2296 1257 2339 a
1281 2296 1339 2354 se;

219 2389 272 2450 sod
295 2388 402 2450 rationi
419 2387 508 2468 primi
525 2387 649 2448 effectivi
666 2395 811 2466 repugnat
832 2406 919 2448 esse
940 2385 985 2448 ab
1006 2386 1141 2468 aliquo
1163 2393 1193 2450 et
1213 2387 1342 2468 ipsum

220 2504 355 2578 potest
386 2515 490 2574 csse;
531 2515 602 2576 ergo
636 2496 863 2558 effectivum
897 2494 1141 2575 simpliciter
1173 2495 1363 2576 primums

222 2613 356 2686 potest
377 2623 464 2666 esse
485 2624 501 2666 a
524 2625 582 2682 se;
606 2624 677 2684 ergo
700 2612 761 2667 est
781 2623 798 2664 a
820 2622 871 2665 se.
907 2604 981 2675 Quia
1004 2603 1083 2683 quod
1106 2622 1166 2664 non
1189 2611 1235 2666 est
1255 2623 1271 2666 a
1294 2624 1338 2682 sc,

223 2732 283 2774 nou
305 2720 402 2794 potest
424 2732 489 2776 csso
510 2733 526 2776 a
549 2733 599 2791 se,
624 2713 693 2794 quia
717 2723 787 2775 tunc
810 2731 870 2774 non
892 2731 946 2773 ens
967 2712 1146 2793 produceret
1168 2711 1280 2792 aliquid
1302 2714 1340 2776 ad

223 2841 288 2884 esse
310 2823 390 2904 quod
406 2832 451 2886 cst
464 2824 659 2905 impossihile,
684 2833 714 2886 et
734 2825 832 2886 adhuc
853 2823 933 2884 idem
955 2831 1090 2884 causaret
1111 2841 1143 2884 se
1165 2829 1195 2884 et
1216 2822 1256 2885 ite
1278 2841 1340 2886 non

221 2932 277 2994 erit
299 2933 448 2996 causabile
470 2935 603 2996 omnino.
638 2935 714 2996 lilud
737 2934 874 2996 ultimum
898 2933 1012 2994 scilicet
1033 2933 1077 2994 de
1100 2932 1340 2996 exsistentia

219 3043 336 3124 primi
370 3045 553 3106 effectivi
583 3043 669 3106 aliter
697 3045 881 3106 declaraturr
926 3043 1017 3123 quia
1049 3041 1340 3106 inconveniens

219 3161 279 3214 est
301 3153 490 3216 universo
513 3155 652 3216 deesse
681 3171 903 3235 supremum
926 3151 1082 3232 gradum
1104 3151 1340 3233 possibilem

218 3261 258 3324 in
281 3263 463 3324 essendo.

305 3371 391 3442 Quod
413 3371 450 3432 ad
472 3347 605 3450 reliquos
627 3371 717 3433 medii
740 3371 800 3432 aevi
824 3370 979 3450 theologos
1000 3370 1122 3445 attinet,
1147 3386 1251 3430 omncs
1273 3386 1339 3430 coss

220 3478 401 3558 motogicum
422 3486 474 3540 aut
496 3479 819 3560 physicotheologicum
848 3487 900 3542 aut
921 3479 1051 3542 ethicum
1073 3485 1281 3560 argumentum
1303 3496 1338 3539 ex
1409 3483 1414 3496 '¹

220 3585 379 3648 coluerunt
407 3597 458 3657 aut
487 3588 637 3652 interdum
671 3590 759 3652 ctiam
789 3589 1020 3671 cosmotogieum
1049 3595 1079 3652 et
1099 3587 1339 3670 physicotheolo-

220 3696 319 3778 gicum
341 3697 570 3779 conjunxerunt.
