3236 5076
618 471 942 540 -55-

211 654 334 716 sistunt.
381 655 417 715 lt
438 653 512 714 haec
539 671 627 714 causa
651 657 720 732 (per
741 659 840 714 notam
864 651 885 714 2
907 661 937 714 et
957 647 992 728 3)
1019 670 1080 714 non
1103 659 1202 732 potest
1222 649 1253 712 in
1276 649 1340 732 ipsa

212 773 320 826 natura
351 763 395 824 rei
418 763 556 824 delinitae
579 766 699 838 (natura
722 761 867 837 humana)
898 761 1062 836 contineri,
1098 759 1340 842 quandoquidem

215 893 285 935 vcra
317 875 359 934 rei
382 873 515 934 delinitio
538 890 695 934 numerum
719 891 780 934 non
802 871 940 942 involvit,
975 879 1005 933 et
1027 880 1183 952 propterea
1205 869 1342 932 absolute

217 983 468 1058 concludendum,
493 1001 580 1043 omue
601 983 642 1057 id,
667 981 753 1061 cujus
777 989 900 1043 naturae
922 981 1006 1061 plura
1029 981 1179 1043 individue
1201 981 1343 1043 exsistere

218 1103 354 1173 possunt,
379 1093 488 1154 debere
512 1091 678 1153 necessario
700 1101 734 1152 ut
755 1092 898 1154 exsistant
919 1111 1038 1154 causam
1055 1099 1204 1154 externam
1221 1090 1341 1154 habere.

218 1205 283 1264 Jern
306 1203 445 1282 quoniam
468 1202 504 1263 ad
528 1211 664 1264 naturam
695 1201 877 1263 substantiae
906 1201 1035 1282 pertinet
1061 1202 1220 1272 exsistere,
1255 1201 1344 1264 debet

219 1313 283 1393 ejus
305 1312 437 1372 definitio
459 1311 658 1372 necessarium
682 1311 881 1374 exsistentiam
905 1311 1062 1386 involvere,
1086 1319 1345 1390 etconsequenter

218 1443 253 1484 ex
281 1422 343 1483 solu
375 1421 441 1501 ejus
471 1421 643 1482 definitione
672 1421 760 1482 debet
788 1421 884 1501 ipsius
914 1422 1084 1484 exsistentia
1114 1421 1263 1482 concludi.
1307 1421 1345 1482 u

216 1551 252 1593 ex
281 1531 376 1612 ipsius
406 1529 579 1592 delinitione
609 1549 669 1592 non
699 1539 798 1610 potest
832 1531 916 1610 sequi
947 1531 1078 1612 plurium
1109 1530 1343 1593 substantiarum

218 1641 406 1715 exsistentia;
430 1640 565 1720 sequitur
587 1659 657 1718 ergo
680 1659 715 1701 ex
737 1659 771 1701 ea
794 1641 973 1716 necessario,
997 1641 1116 1702 unicam
1134 1649 1248 1702 tentum
1265 1637 1345 1719 ejus·

219 1753 288 1813 dem
310 1758 433 1811 naturae
456 1750 615 1824 exsistere,
653 1758 685 1811 ut
706 1749 937 1830 proponebatur.
982 1749 1023 1812 lx
1045 1751 1126 1822 Quo
1150 1749 1239 1830 plus
1261 1767 1346 1810 rea·

221 1860 354 1921 litatis
384 1867 449 1920 aut
478 1877 564 1920 esse
595 1878 854 1938 unaquaeque
888 1877 951 1922 res
980 1859 1114 1934 hahet,
1160 1877 1202 1920 eo
1231 1857 1345 1938 plura

223 1969 418 2032 attributa
447 1969 525 2048 ipsi
557 1977 795 2049 competunt.
843 1969 1077 2032 demonstratio:
1111 1975 1191 2049 patet
1217 1987 1251 2029 ex
1274 1969 1346 2030 dell·

223 2075 387 2140 nitionel.
433 2077 794 2158 XUnumquodque
818 2077 1347 2140 uniussulistauliaeattri-

220 2191 353 2253 butum
377 2209 444 2271 per
471 2209 511 2252 se
540 2191 696 2270 concipi
724 2189 850 2252 dehet.
897 2189 1134 2254 liemonstsatio:
1170 2187 1345 2251 attributum

220 2302 299 2364 enim
337 2310 382 2363 cst
415 2301 445 2362 id
473 2300 555 2380 quod
583 2301 755 2363 intellectus
785 2301 821 2362 de
850 2300 1014 2363 substantia
1044 2299 1170 2380 percipit
1196 2307 1347 2378 tamquam

220 2413 284 2493 ejus
307 2411 467 2473 essentiam
479 2411 664 2474 constituens
687 2417 755 2490 (per
766 2410 878 2473 definit.
891 2409 926 2486 4)
950 2411 1083 2490 adeoque
1106 2415 1174 2490 (per
1185 2409 1298 2470 dednit.
1311 2403 1346 2484 3)

223 2541 275 2600 per
286 2540 319 2582 se
330 2520 447 2598 concipi
460 2520 556 2580 debet.
603 2520 807 2581 Scholion:
831 2521 874 2580 Ex
895 2519 943 2581 his
964 2529 1096 2599 apparet,
1121 2520 1201 2600 quod
1214 2519 1348 2599 quumvis

226 2629 285 2688 duo
307 2627 447 2689 attributa
469 2627 589 2688 realiter
611 2627 749 2690 distincta
772 2627 996 2708 concipiantur,
1020 2629 1077 2692 hoc
1099 2639 1144 2692 est
1166 2649 1258 2692 unum
1282 2629 1347 2696 siut

226 2755 282 2816 ope
304 2737 444 2812 alterius,
479 2743 660 2798 nontamen
690 2755 850 2818 possumus
880 2739 949 2800 inde
971 2737 1166 2814 concludere,
1201 2739 1265 2820 ipsa
1288 2740 1348 2801 duo

225 2847 304 2910 entia
326 2846 387 2908 sive
410 2847 484 2908 duas
507 2845 638 2910 diversas
660 2847 844 2910 substantias
871 2849 1063 2926 constituere,
1088 2850 1118 2912 id
1141 2851 1220 2912 enirn
1244 2858 1289 2912 est
1311 2849 1348 2912 de

223 2965 327 3018 natura
351 2957 551 3034 substantiae,
585 2966 617 3020 ut
647 2959 881 3039 unumquodque
911 2959 977 3039 ejus
1006 2961 1217 3022 attributorum
1240 2979 1348 3041 perse

222 3067 424 3148 concipiatur,
460 3069 700 3150 quandoquidem
731 3069 830 3130 omnia
861 3088 937 3150 quae
970 3069 1058 3132 habel
1085 3069 1225 3132 attribute
1258 3069 1348 3132 simul

223 3177 253 3238 in
276 3178 340 3256 ipsa
364 3197 482 3257 semper
503 3180 624 3240 luerunt
655 3199 711 3241 nco
733 3197 828 3240 unum
858 3179 895 3240 ab
917 3179 976 3240 alio
998 3179 1122 3259 produci
1146 3180 1259 3260 potuit,
1295 3179 1348 3242 sed

224 3287 458 3365 unumquodque
479 3287 644 3348 realitatem
667 3288 729 3349 sire
751 3307 816 3349 esse
840 3288 1022 3350 substantiae
1044 3289 1192 3370 exprimit
1245 3291 1347 3369 Longe

226 3413 296 3473 ergo
326 3395 427 3470 abest,
458 3403 492 3456 ut
513 3395 677 3458 absurdum
706 3397 763 3472 sit,
799 3397 861 3458 uni·
879 3397 1061 3462 substantiae
1090 3400 1175 3480 plura
1205 3399 1345 3462 attributa

225 3503 367 3579 tribuere,
392 3505 464 3583 quin
487 3505 563 3566 nihil
585 3505 616 3565 in
639 3514 743 3567 natura
767 3507 884 3583 clarius,
909 3528 997 3588 quam
1021 3511 1101 3590 quod
1113 3509 1348 3591 unumquodque

225 3633 278 3676 ens
298 3614 355 3674 sub
373 3613 473 3693 aliquo
496 3614 639 3676 attributo
662 3615 768 3678 deleat
789 3618 903 3691 concipi
927 3629 956 3680 et
974 3639 1033 3698 quo
1053 3620 1120 3699 plus
1139 3619 1281 3682 rectitatis
1296 3627 1349 3682 arrl

225 3744 290 3786 esse
313 3723 429 3800 habeat,
454 3744 488 3786 eo
511 3727 594 3805 plura
617 3727 768 3804 attribute,
793 3748 869 3809 qnae
892 3737 921 3790 el
943 3732 1148 3792 necessilatem
1166 3731 1226 3793 sive
1248 3731 1348 3794 inlini·

226 3843 313 3896 talem
337 3845 366 3896 et
396 3835 595 3897 aeternitatem
627 3839 797 3918 exprimunt
826 3839 947 3914 haheat,
982 3847 1013 3902 et
1034 3849 1252 3919 consequenter
1273 3841 1348 3902 nihil

223 3945 312 4006 etiarn
336 3945 463 4019 clerice,
494 3965 582 4025 quam
607 3948 687 4027 quod
710 3967 764 4010 ens
786 3948 924 4012 absolute
946 3949 1095 4012 inlinitum
1119 3951 1286 4012 necessario
1309 3949 1350 4012 sit

223 4055 435 4130 deliniendum,
461 4059 509 4130 (ut
529 4055 678 4118 cednico
699 4058 891 4134 tradidimus)
916 4077 968 4118 ens
992 4059 1070 4138 quod
1094 4065 1211 4120 constat
1222 4058 1348 4122 infinitis

223 4164 394 4240 attributiS,
426 4183 554 4244 quorum
577 4168 813 4248 unumquodque
842 4175 993 4230 aeternam
1016 4175 1047 4230 et
1067 4167 1213 4230 inlinitum
1236 4175 1347 4231 certam

226 4273 387 4335 essentiam
410 4275 558 4354 exprimit.
605 4275 637 4336 Si
667 4277 734 4354 quis
756 4282 856 4337 autern
877 4275 940 4356 jam
963 4275 1096 4355 quaerit,
1131 4297 1165 4338 ex
1194 4298 1254 4358 quo
1277 4297 1348 4358 ergo

226 4382 312 4462 signo
342 4383 540 4446 diversitatem
571 4383 807 4446 substantiarum
842 4383 1007 4464 poterimus
1044 4385 1236 4466 dignoscere,
1270 4388 1349 4468 leget
