3260 5058
638 415 823 491 *¹97
876 455 960 466 -.-.

237 619 349 662 naam
381 617 468 660 esse
500 603 668 662 mentem
701 595 923 672 infinitam,
963 615 1039 678 quae
1071 615 1190 665 omnem
1223 597 1357 664 omniurn

237 709 392 770 veritatum
426 726 534 768 nexum
566 705 727 786 perspiciat
759 706 868 786 cuique
900 726 955 770 nos
984 708 1041 790 ipsi
1064 728 1124 790 qun
1153 709 1248 790 magis
1276 709 1358 774 bunc

238 837 346 878 nexum
369 816 561 896 intelligendo
584 815 865 896 comprehendimus
887 835 923 880 eu
944 818 1039 898 magis
1066 815 1356 900 adpropinquamus‘f

237 929 333 1008 Atque
355 945 444 1006 porro
467 926 656 987 manifestum
679 931 741 999 est,
777 926 911 988 omnium
939 935 1072 990 mentum
1096 928 1248 992 finitarum
1271 927 1357 990 intel·

238 1037 347 1097 lectum
371 1053 525 1114 nunquam
548 1034 681 1096 omnium
703 1034 860 1096 veritatum
884 1055 992 1098 nexum
1016 1037 1148 1116 perfecto
1172 1037 1355 1116 conspicere,

239 1147 300 1210 irno
328 1146 427 1226 potius
460 1145 497 1206 de
529 1137 591 1206 toto
620 1145 752 1206 veritatis
778 1163 857 1208 nexu
886 1145 971 1208 valde
1000 1146 1136 1226 exiguam
1163 1165 1282 1232 semper
1304 1165 1357 1228 pro

240 1256 303 1336 ejus
325 1255 461 1334 amplexu
484 1263 598 1336 partem
621 1254 764 1336 conspici.
807 1254 988 1318 Exsistentia
1019 1274 1090 1336 ergo
1120 1255 1358 1336 uniuscujusque

239 1367 345 1426 mentis
368 1365 468 1426 finitae
491 1364 694 1426 infinitam
718 1373 882 1426 mentem
906 1365 1034 1428 omnis
1057 1373 1094 1428 et
1120 1357 1357 1432 intefleotus

236 1482 273 1536 et
302 1474 499 1536 scientiae
529 1483 566 1536 et
594 1473 821 1552 sapientiae
850 1474 1017 1552 primum
1047 1475 1263 1554 exemplum
1294 1494 1357 1538 ex·

237 1583 385 1644 sistere
408 1582 532 1661 probat,
568 1582 653 1660 cujus
676 1581 863 1641 adumbratio
886 1590 1002 1643 tantum
1024 1583 1106 1644 finita
1130 1602 1249 1663 quoque
1271 1583 1357 1646 intel·

238 1692 359 1770 ligantia
382 1698 411 1751 et
433 1690 553 1750 scientia
578 1697 607 1749 et
629 1689 773 1768 sapientia
796 1697 851 1750 est.
885 1689 1064 1768 Progressus
1087 1690 1194 1752 deinde
1215 1692 1357 1756 historiae

241 1799 331 1860 totius
364 1798 481 1876 generis
515 1797 637 1860 humani
671 1797 774 1872 docet,
809 1800 961 1859 veritatem
991 1798 1061 1860 inde
1083 1798 1120 1860 ab
1142 1799 1357 1878 antiquissimis

240 1907 361 1986 quidem
383 1905 568 1985 temporibus
590 1907 804 1968 acerrimos
826 1925 915 1988 saepe
937 1907 1108 1988 impetus
1131 1909 1284 1988 suscipere
1306 1909 1358 1970 de-

240 2015 358 2090 buisse,
405 2015 455 2076 sed
497 2035 532 2078 ex
565 2016 703 2078 omnibus
737 2016 819 2078 hisce
851 2017 961 2098 pugnis
1000 2018 1207 2082 victricem
1240 2037 1358 2100 semper

240 2125 484 2188 discessisse
513 2132 545 2186 et
572 2145 823 2206 progressam
854 2143 952 2190 esse.
995 2127 1091 2200 Quam
1113 2128 1266 2190 victoriam
1288 2147 1357 2210 pro·

237 2234 482 2316 gressionemque
516 2242 667 2315 tempus
701 2237 818 2300 efficere
852 2255 912 2300 non
946 2238 1052 2318 potuit.
1104 2238 1205 2300 Potest
1237 2240 1356 2318 quidem

239 2352 354 2424 tempus
383 2345 531 2424 ejusmodi
561 2364 676 2406 errores
721 2348 900 2428 exstirpare,
944 2347 996 2427 qni
1029 2347 1065 2408 ad
1099 2348 1193 2410 solam
1225 2357 1356 2410 mentem

237 2454 396 2531 pertinent,
420 2471 479 2512 non
502 2471 571 2513 vero
595 2472 656 2528 eos,
681 2455 823 2532 quicum
847 2455 1058 2534 cupiditatibus
1077 2457 1216 2518 humanis
1239 2475 1358 2538 semper

237 2559 406 2618 recentibus
435 2578 480 2619 ex.
505 2578 549 2636 gr.
574 2561 704 2636 privatae
734 2561 869 2622 utilitatis
892 2563 991 2620 studio
1021 2562 1172 2640 conjuncti
1195 2573 1274 2626 sunt.
1319 2567 1357 2628 Et

238 2673 337 2728 tamen
359 2665 466 2726 veritas
489 2679 607 2744 semper
628 2684 784 2744 progressa
807 2675 861 2728 est.
907 2667 970 2728 lmo
992 2686 1080 2747 saepe
1098 2669 1159 2749 jam
1182 2689 1260 2732 unus
1282 2674 1357 2734 reri·

238 2776 308 2836 tatis
341 2783 519 2856 propagator
552 2773 694 2837 adversus
726 2776 808 2837 mille
838 2776 975 2838 homines
1005 2795 1136 2838 errorem
1164 2779 1356 2843 defendentes

236 2884 331 2946 stabat
354 2903 451 2964 neque
472 2885 560 2964 longe
589 2883 696 2948 abesse
725 2885 879 2948 videbatur
910 2887 982 2966 quin
1005 2887 1157 2966 interiret,
1189 2908 1282 2970 quum
1305 2909 1356 2954 su·

235 2994 297 3055 bito
329 3007 461 3075 tempora
491 2996 679 3072 inciderunt,
715 3015 791 3078 qnae
814 3015 874 3058 non
897 2996 1137 3084 modowvafidum
1160 2999 1352 3079 praesidium,

235 3105 286 3166 sed
310 3105 397 3167 etiam
421 3107 573 3168 victoriam
596 3107 622 3168 ei
645 3107 799 3187 parabant,
824 3108 903 3186 qnod
923 3126 939 3168 a
956 3108 1017 3169 sola
1035 3127 1121 3170 caeca
1137 3110 1255 3170 fortuna
1273 3110 1354 3172 nulfo

235 3214 323 3272 modo
353 3216 518 3293 perfectum
551 3233 617 3276 esse
649 3224 757 3294 potest.
802 3217 961 3277 Enimvero
995 3225 1139 3296 quantum
1165 3218 1227 3298 J'arn
1256 3219 1354 3297 quoad

235 3319 366 3381 veritatis
388 3323 632 3402 propagationem
655 3325 766 3384 factum
789 3331 850 3399 est,
882 3341 988 3403 parum
1011 3333 1109 3386 tamen
1132 3333 1187 3402 est,
1212 3327 1238 3388 si
1260 3327 1297 3392 ad
1320 3346 1352 3390 ea

235 3427 430 3507 respicimus,
462 3449 538 3510 quae
560 3431 657 3492 adbuc
679 3432 811 3492 facienda
835 3442 914 3494 sunt.
950 3433 1087 3495 Conditio
1111 3453 1168 3516 qua
1194 3445 1353 3516 generatus

236 3546 281 3598 est
302 3539 402 3614 homo,
426 3546 460 3599 ut
480 3539 632 3602 veritatem
655 3540 844 3620 adipiscatur,
871 3550 932 3606 turn
952 3543 1072 3606 demum
1090 3563 1123 3605 re
1141 3563 1208 3608 vera
1223 3548 1352 3628 perfecta

235 3649 309 3720 erit,
341 3669 432 3726 quum
456 3668 560 3712 ornnes
582 3651 718 3712 homines
746 3653 825 3731 quod
848 3651 954 3714 attinet
975 3653 1012 3715 ad
1045 3656 1258 3736 praecipua
1288 3655 1352 3738 ju-

235 3757 339 3818 dicia
361 3758 439 3817 inter
461 3776 493 3818 se
515 3760 707 3822 consentiunt
729 3769 758 3822 et
790 3781 863 3823 una
897 3763 1108 3844 eademque
1137 3785 1206 3828 vox
1235 3768 1265 3830 in
1291 3776 1350 3828 toto

234 3867 493 3946 generehumano‚
518 3867 631 3930 scilicet
652 3889 720 3932 vox
742 3872 928 3933 veritatis
949 3874 1035 3936 valet.
1069 3876 1172 3954 ltaque
1194 3895 1349 3955 regnum

233 3975 419 4036 veritatis
452 3975 621 4038 exsistat
653 3997 817 4040 necesse
850 3988 927 4055 est,
972 3983 1052 4062 qnod
1086 4003 1189 4048 onanes
1218 3984 1348 4046 veritatis

233 4085 319 4146 amici
354 4085 410 4146 boc
442 4085 507 4164 ipso
541 4086 620 4164 qnod
649 4085 784 4148 veritates
810 4088 847 4148 ab
876 4089 913 4150 iis
943 4091 1075 4170 cognitas
1104 4110 1193 4170 quarn
1223 4094 1348 4158 maxime

233 4194 296 4254 fieri
326 4201 423 4273 potest
451 4202 617 4276 propagant
644 4211 820 4274 erroresque
850 4197 1019 4280 ubicunqne
1040 4199 1078 4260 iis
1101 4209 1257 4262 occurrant
1285 4209 1348 4264 toto

232 4303 331 4364 animo
354 4321 388 4364 ae
410 4303 509 4366 studio
531 4304 612 4365 ornni
634 4303 812 4386 impugnant
834 4307 950 4370 efficere
972 4307 1109 4384 student,
1134 4327 1194 4387 quo
1216 4311 1292 4374 facto
1315 4328 1347 4372 se

648 4420 652 4428 ·
1145 4409 1160 4459 7
