3236 5076
695 451 1019 522 ...gg-.-

291 651 367 716 quae
386 632 448 714 jam
471 632 531 696 dixi
553 633 590 696 ad
613 641 750 696 nauum
772 633 908 714 carpam
929 629 1103 714 pertinere?
1135 631 1272 707 amado,
1303 632 1414 713 cogito,

292 743 426 820 revolvo,
460 743 536 806 nihil
557 744 703 818 occurrit,
738 743 845 824 fatigor
873 743 976 806 eadem
1006 743 1115 806 frustra
1144 751 1289 824 repetere.
1334 743 1416 814 Quid

292 871 360 916 vcro
389 871 425 916 aa
453 853 519 930 bis,
553 871 630 934 quae
658 853 775 916 animae
804 851 994 916 tribuebam?
1037 851 1145 916 nutriri
1179 853 1224 914 ret
1255 851 1416 916 incedere?

292 964 532 1044 quandoquidem
561 963 624 1044 jam
654 981 763 1044 corpus
792 981 852 1024 non
881 961 978 1026 babeo
1007 963 1081 1026 baec
1109 981 1228 1044 quoque
1257 963 1332 1024 nibil
1354 962 1416 1024 nisi

293 1076 432 1154 tigmenta
453 1081 540 1150 sutrt;
572 1070 707 1135 sentire?
739 1091 846 1152 nempe
872 1073 960 1134 etiam
983 1073 1041 1135 hoc
1063 1091 1123 1134 nou
1147 1073 1182 1134 m
1201 1073 1267 1135 sine
1288 1091 1416 1152 corpore

292 1193 323 1246 et
344 1183 489 1264 permulta
513 1183 682 1246 viscosum
705 1181 815 1244 sentire
836 1182 867 1244 iu
891 1182 1027 1258 somniis,
1051 1201 1128 1264 quae
1151 1182 1259 1244 deinde
1280 1182 1416 1244 animad-

291 1293 364 1356 verti
386 1311 435 1354 me
457 1311 515 1354 nou
538 1291 688 1368 sensisse;
721 1290 873 1372 cogitare?
906 1291 955 1354 bic
976 1293 1108 1368 invenio,
1137 1291 1332 1373 cogitatio
1354 1299 1412 1368 est,

291 1402 365 1464 baec
397 1401 458 1464 seia
487 1419 504 1464 a
534 1419 582 1464 mc
611 1399 709 1462 divelli
731 1401 850 1480 nequit3
895 1421 962 1480 ego
995 1421 1095 1477 sum,
1140 1421 1208 1482 ego
1241 1401 1410 1478 exsisto,

291 1519 440 1576 certum
462 1519 519 1572 est.
565 1511 660 1584 Quam
683 1511 735 1572 diu
756 1509 877 1572 autem?
899 1529 1007 1592 nempe
1036 1529 1146 1592 quiam
1173 1511 1238 1574 diu
1261 1509 1411 1590 cogito;

292 1639 362 1686 uam
385 1623 461 1684 iorte
483 1621 571 1684 etiam
594 1621 658 1684 fleri
682 1629 800 1702 posset,
835 1621 861 1682 si
883 1638 1030 1684 cessarem
1058 1621 1096 1684 ab
1118 1622 1200 1684 omui
1222 1621 1410 1702 cogitatione,

292 1741 325 1796 ut
346 1732 516 1794 iiiicototus
534 1751 600 1794 esse
616 1731 797 1807 desinerem
821 1731 896 1793 nihii
917 1749 997 1793 nunc
1019 1731 1153 1806 admitto,
1177 1732 1234 1794 nisi
1256 1732 1337 1812 quad
1359 1749 1415 1794 ne·

291 1843 422 1906 cessario
444 1841 484 1903 sit
505 1859 626 1918 verum3
650 1861 716 1904 som
733 1841 824 1921 igitur
838 1841 971 1922 praecise
994 1849 1107 1904 mutum
1132 1860 1194 1904 res
1216 1842 1410 1922 cogitans.

290 1953 385 2030 itque
408 1969 476 2012 acce
499 1951 708 2012 condensum
740 1969 878 2013 reversus
900 1969 935 2012 ao
957 1970 1018 2032 quo
1040 1951 1192 2028 uolebam3
1227 1969 1412 2032 numqaum

292 2060 365 2122 mibi
387 2077 468 2122 nunc
489 2067 593 2120 uotum
623 2060 679 2134 sit,
710 2059 837 2140 ipsamet
865 2077 989 2140 corpora
1012 2079 1072 2122 nou
1094 2061 1214 2142 proprie
1235 2081 1251 2122 a
1274 2061 1412 2124 sensibus

291 2169 336 2232 vei
358 2169 395 2230 ab
418 2167 598 2248 imaginandi
618 2167 765 2244 facultate,
789 2169 842 2230 scd
864 2187 881 2228 a
903 2169 967 2230 scio
989 2169 1142 2232 intellectu
1164 2171 1287 2251 percipi,
1310 2179 1412 2252 aperta

291 2295 456 2358 cognosco,
490 2277 566 2338 nibil
587 2269 704 2340 facilius
732 2284 784 2338 aut
812 2277 977 2340 evidentius
999 2297 1063 2340 mea
1093 2288 1192 2342 ments
1214 2297 1340 2360 possea
1363 2299 1412 2343 mo

291 2387 414 2470 percipi.
446 2385 561 2457 Quibus
577 2385 728 2467 explicatis
739 2386 815 2448 viam
835 2386 891 2448 sibi
907 2396 1062 2468 aperuerat
1077 2389 1114 2450 ad
1126 2389 1411 2454 demonstrationem
1437 2371 1440 2378 ¹

378 2601 446 2672 III
465 2601 527 2674 De
538 2602 621 2675 Deo
635 2599 733 2700 quod
751 2599 915 2674 eoem'ertnt.
949 2607 988 2672 Et
1002 2617 1081 2672 certe
1098 2625 1191 2689 quum
1202 2608 1316 2671 nullam
1327 2629 1412 2672 occa·

290 2717 406 2781 sionem
429 2718 554 2780 habeam
576 2719 774 2794 existimandi,
798 2719 925 2799 aliquem
940 2717 1033 2781 beum
1056 2738 1123 2780 osse
1145 2719 1333 2800 deceptorem
1354 2738 1411 2782 nec

289 2829 410 2910 quidem
432 2828 505 2890 satis
525 2829 624 2890 adbuc
646 2829 748 2903 sciam,
773 2836 873 2890 utrum
896 2828 935 2890 sit
955 2829 1062 2909 aliquis
1085 2828 1182 2905 Deus,
1206 2828 1289 2891 valde
1311 2829 1411 2892 tenuis

289 2946 320 3000 et
340 2945 375 2998 ut
396 2937 434 2997 ita
457 2936 562 3016 loquar
579 2936 777 3016 metaphysica
796 2945 843 2997 eat
858 2937 908 3000 itta
928 2936 1082 2998 dubitandi
1097 2938 1183 3013 ratio,
1207 2957 1283 3018 quaa
1295 2947 1409 3002 tantum

290 3065 326 3108 ex
347 3065 381 3108 ea
404 3045 545 3126 opinione
568 3046 724 3126 dependet.
769 3046 808 3108 Ut
829 3054 927 3108 autem
949 3046 1038 3108 etiam
1060 3047 1110 3110 ilia
1133 3048 1273 3124 tollatur,
1304 3065 1411 3129 quam·

288 3157 419 3238 primum
449 3163 585 3218 occurret
613 3155 729 3218 occasio
758 3153 927 3218 examinare
955 3155 1066 3233 debeo,
1101 3175 1139 3218 au
1169 3157 1208 3220 sit
1230 3157 1309 3220 Deus
1332 3166 1362 3220 et
1383 3157 1409 3220 si

289 3269 344 3343 sit,
375 3285 412 3328 ao
436 3285 502 3328 esse
524 3266 619 3347 possit
640 3266 798 3347 deceptor;
832 3266 887 3328 bac
909 3265 988 3328 euim
1015 3255 1148 3346 ignorata
1170 3285 1203 3328 re
1225 3287 1286 3330 noo
1308 3269 1410 3330 videor

288 3378 326 3440 de
347 3377 406 3439 ulla
428 3378 485 3440 alia
508 3377 594 3457 piane
616 3385 714 3440 certus
736 3395 802 3440 asse
824 3395 955 3457 unquam
977 3396 1075 3456 posse.
1120 3377 1206 3439 Nunc
1220 3385 1319 3440 autem
1335 3377 1409 3440 ordo

287 3487 405 3548 videtm
426 3487 552 3566 exigere,
576 3495 611 3548 ut
631 3487 714 3567 prius
735 3505 840 3548 omnes
856 3505 938 3550 meas
955 3487 1148 3566 cogitationes
1165 3486 1196 3548 io
1209 3495 1288 3548 certa
1300 3505 1408 3567 genera

288 3594 465 3656 distribuam
494 3602 525 3656 et
552 3595 582 3655 iu
613 3595 793 3673 quibusnam
815 3613 851 3656 ex
879 3596 926 3656 his
948 3596 1055 3657 veritas
1083 3605 1136 3657 aut
1156 3595 1269 3658 falsitas
1290 3597 1409 3677 propria

288 3703 431 3766 consistat
459 3703 619 3782 inquiram.
664 3703 815 3776 Quaedam
846 3723 879 3766 ex
902 3704 951 3766 his
976 3713 1126 3784 tamquam
1156 3725 1283 3768 rerum
1313 3707 1410 3770 ima·

288 3813 398 3893 ginas
431 3820 502 3874 sunt
533 3811 643 3890 quibus
674 3813 746 3874 solis
775 3813 895 3894 proprie
924 3814 1062 3876 convenit
1090 3815 1203 3878 ideae
1231 3833 1341 3878 nomeu
1374 3825 1407 3877 ut

288 3941 382 4002 quum
403 3922 570 3997 hominem,
605 3921 650 3984 vel
680 3922 814 3998 coelum,
849 3923 895 3984 vei
924 3923 1063 4003 angelum
1091 3926 1137 3986 vel
1166 3925 1261 3986 licum
1290 3925 1405 4005 cogito;

287 4031 362 4094 aliae
384 4049 453 4094 vero
470 4031 548 4112 'aiios
570 4031 712 4110 quasdam
735 4031 845 4094 formas
867 4031 992 4109 babent,
1028 4041 1061 4095 ut
1083 4053 1176 4114 quum
1198 4035 1282 4107 volo,
1313 4051 1406 4114 quum

287 4144 397 4216 timeo,
430 4159 524 4221 quum
553 4142 669 4202 affirmo
698 4160 792 4221 quum
822 4161 916 4223 nego,
950 4163 1069 4224 semper
1090 4145 1211 4224 quidem
1232 4145 1407 4224 aliquam

287 4269 366 4314 rem
388 4259 421 4311 ut
442 4249 663 4328 subjectum
685 4269 768 4312 meae
779 4253 965 4332 cogitationis
977 4254 1177 4333 apprehendo,
1191 4253 1244 4314 sed
1266 4253 1405 4333 aliquid

288 4361 404 4422 ctiam
427 4359 596 4443 amplius
626 4379 734 4441 quam
758 4363 878 4424 istius
906 4363 964 4424 roi
993 4362 1302 4425 similitudinem
1326 4363 1406 4444 cogi-
