3260 5058
626 454 973 524 —tttt—

239 638 423 721 pernicitatis
444 646 475 701 et
495 638 619 701 astutiae
640 638 672 700 in
695 636 835 700 silvarum
856 636 1105 717 desertorumque
1124 635 1196 698 laris
1217 635 1354 700 lacnibus

240 759 271 814 et
292 750 416 830 tigribus
438 757 467 812 et
495 749 575 812 ursis
596 757 626 812 et
647 748 725 830 lupis
753 756 783 810 et
810 746 950 828 vulpibus
977 747 1156 810 invenimus.
1202 747 1355 820 Quantum

196 941 198 945 ι
240 861 402 926 habilitatis
431 868 461 923 et
481 860 639 924 docilitatis
660 860 691 922 iu
714 859 751 921 iis
773 858 969 935 animalibus,
1004 877 1080 939 qnae
1108 858 1245 921 homines
1271 877 1356 920 man·

240 973 429 1036 suelecerunt
457 971 611 1053 sociosque
642 978 672 1033 et
703 969 855 1051 adjutores
887 969 961 1032 vitoe
994 987 1065 1032 suae
1097 968 1290 1032 reddiderunt
1323 970 1356 1032 in

240 1083 326 1164 equis
349 1091 378 1146 et
398 1081 495 1144 bobus
516 1089 548 1144 et
568 1079 692 1145 canibus
713 1081 805 1142 immo
827 1087 971 1161 quantum
994 1097 1062 1160 arga
1084 1097 1139 1141 nos
1155 1079 1357 1142 inclinationis

241 1202 272 1256 ct
292 1193 360 1256 ndei
381 1193 413 1254 in
435 1192 580 1274 ejusmodi
602 1189 705 1254 bestiis
727 1209 815 1272 saepe
844 1189 1062 1271 conspicimus,
1097 1197 1132 1252 ut
1153 1207 1229 1270 quae
1250 1197 1356 1253 natura

241 1305 316 1368 duce
343 1304 429 1366 inscii
457 1305 579 1394 iaciunt¹
600 1302 717 1366 consilii
747 1301 826 1364 baud
856 1320 924 1364 raro
957 1307 986 1364 et
1020 1299 1197 1382 prudentiae
1226 1301 1356 1382 speciem

237 1435 307 1496 prae
329 1435 361 1478 se
382 1416 489 1478 ferant.
535 1415 685 1488 Quantum
708 1414 794 1476 etiam
810 1413 885 1475 artis
903 1429 1118 1493 saepenumero
1133 1411 1356 1474 inanimalibus

235 1525 429 1600 admiramur,
454 1544 581 1612 quonam
602 1525 661 1586 alia
679 1530 715 1585 ut
732 1531 862 1584 castores
880 1523 1056 1584 architectae
1074 1521 1159 1602 quasi
1182 1528 1262 1598 sunt,
1286 1522 1354 1599 alia,

236 1644 272 1698 ut
293 1654 362 1696 oves
383 1633 495 1694 multae
516 1634 599 1694 suavi
621 1651 692 1693 voce
714 1640 860 1710 cantuque
881 1649 937 1692 nos
955 1631 1111 1694 delectant.
1146 1631 1205 1694 Sed
1223 1632 1357 1712 quamvis

240 1743 333 1804 multa
356 1761 391 1803 ao
411 1741 560 1821 praeclara
579 1760 702 1803 munera
721 1740 898 1804 animalibus
916 1741 980 1822 ipsa
991 1751 1097 1803 natura
1108 1740 1232 1819 dederit,
1258 1749 1356 1806 tauma

242 1857 370 1914 mente
393 1851 603 1931 suiipsius
625 1850 784 1913 conscia
807 1851 936 1932 praedita
959 1869 1020 1912 uon
1036 1859 1117 1914 sunt.
1153 1851 1355 1930 llocdoaum,

242 1961 268 2024 si
289 1960 327 2026 ad
348 1969 445 2022 terrae
460 1969 578 2022 nostrae
596 1961 708 2024 incolas
723 1961 899 2042 respicimus
921 1961 987 2024 vvni
1009 1961 1159 2024 bomini
1181 1961 1356 2024 attributam

242 2081 298 2133 est.
344 2072 422 2134 llaec
443 2071 588 2152 cogitandi
612 2072 754 2149 facultas,
788 2073 861 2135 baec
888 2071 979 2134 libera
1008 2091 1064 2134 nec
1091 2073 1145 2134 ulli
1175 2072 1358 2136 extrinsecus

240 2182 407 2244 necessitati
429 2182 517 2262 plane
539 2183 672 2264 subjecta
694 2182 840 2259 volumtas,
864 2183 938 2246 baec
960 2183 1087 2264 denique
1109 2183 1227 2264 propria
1250 2183 1357 2263 agendi

238 2292 350 2355 bonum
372 2293 511 2374 quodque
533 2293 750 2375 honestumque
772 2293 900 2375 eligendi
920 2302 948 2356 et
965 2293 1109 2370 sectandi,
1134 2291 1357 2355 malumautem

238 2411 274 2465 et
289 2421 460 2482 perversum
489 2403 622 2484 fugiendi
652 2411 782 2484 potestas
811 2423 902 2484 super
923 2404 1053 2483 reliquas
1080 2421 1184 2464 omnes
1206 2410 1357 2465 creaturas

239 2511 328 2589 longe
356 2531 412 2572 nos
440 2513 558 2572 attollit.
603 2513 715 2590 Negare
747 2513 868 2592 quidem
900 2531 961 2572 non
993 2523 1171 2591 possumus,
1205 2511 1356 2576 delinitam

242 2619 401 2680 admodum
433 2626 465 2680 et
496 2619 699 2698 imperfectam
732 2638 798 2680 esse
828 2619 960 2680 bominis
992 2627 1131 2682 mentem.
1187 2621 1357 2686 Intellectus

242 2735 354 2803 noster,
378 2727 511 2809 quamvis
533 2728 564 2788 in
587 2728 650 2789 dies
670 2727 806 2809 proficiat
827 2731 959 2808 finesque
982 2729 1092 2810 quibus
1114 2731 1194 2792 omni
1216 2752 1251 2794 ex
1272 2740 1357 2814 parta

240 2839 374 2902 inclusus
406 2847 437 2901 et
467 2838 546 2901 velut
578 2839 737 2919 impeditus
766 2846 813 2902 est
840 2839 1031 2920 longinquius
1059 2857 1178 2921 semper
1197 2851 1354 2920 removeat,

241 2958 336 3012 tamen
359 2949 513 3012 minimam
536 2949 664 3011 universi
688 2949 779 3031 bajus
800 2950 903 3014 mundi
926 2950 1052 3013 visibilis
1078 2958 1193 3033 partem
1214 2953 1355 3033 perspicit

237 3069 267 3122 et
287 3079 386 3123 rerum
409 3060 602 3124 invisibilium
627 3060 753 3142 solaque
782 3061 959 3142 cogitatione
987 3062 1245 3142 percipiendarum
1271 3064 1355 3127 valde

238 3171 372 3248 exiguam
394 3171 452 3232 sibi
474 3171 630 3233 scientiam
660 3180 821 3252 comparat.
866 3171 1008 3232 Voluntas
1036 3181 1136 3233 nostra
1159 3189 1247 3252 saepe
1268 3173 1355 3236 incli-

239 3274 409 3338 nationibus
431 3279 522 3340 auimi
543 3279 687 3356 vincitur,
718 3280 927 3359 cupiditatibus
950 3281 981 3342 in
1004 3281 1174 3344 servitutem
1197 3282 1351 3363 redigitur,

240 3382 318 3444 vitiis
329 3384 455 3463 denique
467 3386 687 3467 sceleribusque
705 3389 736 3450 in
752 3389 833 3450 bunc
845 3390 965 3450 modum
983 3390 1146 3470 subigitur,
1172 3398 1214 3468 ut,
1239 3393 1354 3456 etiamsi

240 3491 297 3573 ipsi
319 3491 470 3554 liberrime
492 3513 548 3556 nos
569 3514 655 3575 agere
677 3497 849 3576 opinamur,¹
870 3499 897 3560 vi
919 3505 1019 3560 tamen
1041 3500 1135 3561 aliena
1158 3502 1250 3564 coacti
1274 3504 1355 3584 eius-

239 3603 320 3664 modi
341 3603 471 3666 facinora
493 3606 690 3686 perficiamus,
714 3608 956 3688 quaesiveram
979 3609 1065 3672 nobis
1088 3611 1231 3676 rationem
1248 3614 1355 3677 redde-

239 3732 339 3776 remus
372 3714 428 3794 ipsi
461 3717 632 3794 gravissime
664 3717 911 3798 improbaremus.
957 3719 1007 3781 Sic
1038 3721 1155 3784 condita
1184 3723 1216 3785 in
1245 3725 1355 3788 animis

239 3824 350 3886 nostris
372 3834 402 3886 et
422 3828 639 3905 progerminata
662 3828 801 3904 libertam
836 3848 925 3910 quam
950 3837 1008 3892 tota
1030 3832 1087 3894 vita
1110 3833 1243 3896 excolere
1266 3834 1354 3896 debe·

238 3953 306 3996 mus
328 3969 370 3980 -
392 3953 460 3996 nam
483 3935 562 3996 buno
583 3937 614 3998 in
636 3939 725 4001 finem
749 3939 809 4002 nati
831 3959 945 4014 sumus,
970 3949 1004 4002 ut
1022 3961 1082 4004 non
1099 3951 1158 4004 tam
1174 3963 1190 4004 a
1206 3944 1353 4025 principio

238 4043 323 4106 liberi
346 4063 497 4118 essemus,
522 4063 611 4124 quam
633 4047 663 4108 in
686 4047 749 4108 dies
771 4049 865 4128 magis
887 4049 997 4112 liberos
1020 4069 1075 4112 nos
1096 4052 1289 4117 redderemus
1309 4089 1354 4102 --

237 4154 362 4216 tollitur.
406 4155 480 4216 Vera
503 4154 582 4216 enim
604 4155 725 4218 libertas
746 4157 838 4218 animi
862 4177 921 4220 non
944 4165 991 4222 est
1011 4160 1084 4238 ista,
1113 4180 1170 4241 qua
1192 4163 1257 4226 sine
1278 4165 1352 4228 recti

238 4255 415 4344 honestique
437 4265 616 4326 conscientia
640 4271 671 4327 et
691 4266 901 4347 cupiditatibus
923 4287 1045 4349 prorsus
1071 4270 1197 4352 subjecti
1222 4275 1352 4354 pessima

238 4393 373 4454 quaeque
395 4383 425 4438 et
445 4375 706 4456 perniciosissima,
731 4395 806 4456 quae
828 4377 925 4457 primo
945 4379 1086 4460 adspectu
1110 4382 1243 4463 speciosa
1265 4385 1352 4448 nobis
