3236 5076
667 455 990 526 -34-

271 642 312 704 dc
333 637 461 717 denique
483 637 617 718 quamvis
638 656 655 700 a
677 637 768 700 rebus
783 655 799 700 a
816 655 865 700 me
880 637 1005 700 diversis
1022 636 1228 718 procederent,
1253 633 1395 696 noninde

272 749 416 829 sequitur,
440 749 507 810 illas
530 749 595 811 istis
617 747 708 810 rebus
730 747 843 810 similes
865 767 932 810 esse
954 747 1073 822 dobere,
1097 747 1234 827 quinimo
1250 747 1280 808 in
1294 744 1395 806 multis

273 878 361 939 saepe
390 877 530 938 magnum
564 859 724 920 discrimen
757 859 860 920 videor
891 858 1134 938 apprehendisse.
1181 858 1263 929 Quae
1296 855 1395 918 omnia

273 970 345 1032 satis
367 969 589 1044 demonstrant,
621 987 669 1030 me
691 987 750 1030 non
773 967 916 1028 hacteuus
938 978 1020 1030 certo
1038 967 1170 1047 judicio,
1206 967 1258 1028 sed
1274 974 1396 1044 ,mutum

273 1099 308 1142 ex
330 1097 418 1140 caeco
433 1065 541 1158 ⁴aliquo
563 1077 694 1158 impulsu
719 1077 898 1152 credidisse,
923 1097 970 1138 ras
992 1077 1134 1156 quasdam
1157 1095 1173 1138 a
1196 1095 1244 1138 mc
1266 1077 1396 1138 diversas

273 1191 424 1264 exsistere,
448 1207 524 1268 quae
546 1189 628 1250 ideas
651 1188 711 1250 sive
733 1188 877 1267 imagines
900 1207 968 1250 suas
991 1207 1044 1268 per
1062 1205 1171 1267 organa
1190 1205 1334 1250 sensuum
1351 1185 1397 1246 rel

274 1299 406 1380 quolibet
428 1299 487 1360 alio
511 1306 595 1378 pacto
617 1298 691 1360 mihi
714 1298 884 1360 immittant.
931 1299 990 1359 Sed
1006 1298 1063 1360 alia
1082 1297 1228 1378 quaedam
1245 1297 1288 1358 via
1301 1295 1398 1358 adhuc

274 1409 347 1472 mihi
371 1408 500 1471 occurrit
529 1408 565 1470 ad
596 1407 807 1487 inquirendum
837 1427 874 1470 au
904 1427 953 1469 res
974 1407 1091 1487 aliquae
1114 1427 1149 1470 ex
1171 1405 1225 1480 iis,
1271 1425 1397 1486 quarum

274 1521 357 1582 ideae
380 1519 411 1582 iu
433 1536 481 1580 ma
510 1526 581 1580 sunl
609 1527 689 1580 extra
720 1537 767 1580 me
797 1517 948 1580 exsistant.
995 1519 1107 1598 Nempe
1136 1525 1284 1598 quatenus
1314 1517 1397 1578 ideae

274 1629 348 1692 istae
377 1629 583 1710 cogitandi
613 1628 769 1708 quidam
796 1628 899 1690 modi
921 1638 1037 1691 tantum
1061 1636 1148 1704 sunt,
1183 1645 1243 1692 non
1270 1643 1396 1706 agnosco

274 1740 352 1802 inter
380 1739 461 1819 ipsas
492 1739 583 1802 ullam
612 1739 850 1818 inaequalitatem
882 1746 911 1799 et
940 1756 1044 1800 omnes
1073 1755 1160 1800 ame
1183 1737 1287 1798 eodem
1310 1735 1397 1798 modo

274 1849 436 1930 procedere
468 1849 622 1922 videntur,
658 1848 710 1910 sed
743 1856 889 1927 quatenus
910 1853 995 1910 'una
1027 1865 1135 1908 unam
1165 1865 1241 1908 rem
1264 1853 1301 1908 et
1322 1845 1398 1922 alia

275 1959 391 2022 aliam
421 1965 716 2038 repraesentat,
751 1965 832 2037 patet
861 1958 980 2018 easdem
1011 1956 1049 2018 ab
1079 1957 1205 2018 invicem
1227 1955 1311 2018 valde
1333 1972 1401 2016 esse

276 2067 425 2149 diversas3
450 2085 519 2128 nam
541 2067 646 2146 procul
668 2067 759 2130 dubio
781 2067 859 2141 illae,
884 2085 960 2146 quae
982 2065 1234 2128 substantias
1255 2065 1329 2128 mihi
1351 2083 1401 2126 ex-

276 2177 396 2251 hibent,
433 2175 528 2256 majus
551 2175 665 2256 aliquid
694 2185 764 2238 sunt
786 2181 815 2237 at
838 2184 872 2238 ut
893 2177 932 2238 ita
955 2176 1060 2256 loquar
1081 2175 1170 2256 plus
1197 2174 1400 2236 realitatis

277 2286 505 2366 objectivaa
528 2286 558 2346 in
582 2305 614 2348 se
636 2285 804 2360 continent,
829 2305 917 2365 quam
940 2286 1007 2348 illae
1030 2303 1106 2366 quae
1128 2294 1243 2348 tantum
1268 2284 1400 2346 modos

277 2397 338 2458 sive
360 2395 586 2457 accidentia
610 2403 843 2475 repraesentant,
868 2404 897 2458 et
913 2413 1017 2458 rursus
1039 2396 1089 2458 illa
1112 2415 1166 2476 per
1188 2415 1277 2475 quarn
1298 2413 1401 2456 sum·

277 2523 373 2568 mum
407 2505 577 2584 aliquem
599 2505 732 2580 Deum,
767 2513 985 2580 aeternum,
1017 2505 1244 2580 infinitum,
1276 2503 1401 2600 omnni-

277 2617 419 2690 seium,
465 2615 776 2695 omnipotentem
816 2633 977 2694 rerumque
1011 2614 1145 2679 omnium
1177 2633 1253 2694 quae
1285 2601 1402 2694 praeter

277 2726 377 2806 ipsum
400 2733 471 2788 sunt
493 2733 657 2790 creatorem
679 2724 813 2804 intelligo
835 2724 924 2804 plus
947 2726 1080 2804 profecto
1104 2723 1312 2786 realitatis
1335 2723 1402 2786 ob-

275 2835 450 2916 jectivae
482 2835 514 2896 iu
548 2853 580 2896 se
614 2835 704 2896 lrabet
736 2853 825 2914 quam
858 2833 926 2895 illae
958 2853 1011 2914 per
1033 2853 1107 2913 quas
1135 2834 1281 2896 finitae
1310 2833 1402 2896 suh·

279 2945 451 3006 stantiae
484 2943 670 3006 exhibentur.
715 2945 781 3006 lam
815 2963 884 3005 vero
914 2943 1027 3006 lumine
1057 2944 1183 3007 naturali
1213 2944 1402 3006 manifestum

279 3062 324 3116 est
353 3053 585 3116 tantundem
618 3053 662 3115 ad
697 3053 897 3114 minimum
927 3071 1010 3116 esse
1041 3053 1187 3116 debere
1217 3055 1255 3115 in
1285 3072 1402 3116 carisa

280 3163 492 3256 efficiente
525 3172 562 3226 et
595 3163 731 3239 totali,
766 3173 954 3243 quantum
988 3163 1025 3224 in
1057 3163 1229 3244 ejusdem
1262 3181 1403 3226 causae

279 3271 448 3351 affectu3
491 3293 559 3336 narn
589 3289 717 3353 quaeso,
753 3274 901 3336 undenam
935 3273 1029 3353 possit
1059 3291 1210 3336 assumere
1239 3271 1402 3334 realitatem

280 3404 365 3448 suam
387 3386 509 3448 effeetus
532 3385 589 3446 nisi
612 3404 628 3446 a
652 3403 739 3446 causa
764 3384 964 3464 ecquomodo
987 3384 1067 3446 illam
1091 3383 1117 3444 ei
1140 3402 1229 3444 causa
1252 3383 1403 3462 darepos-

280 3503 336 3569 set,
360 3495 417 3556 nisi
441 3495 528 3556 etiarn
552 3493 697 3556 haberet?
742 3494 818 3562 Hinc
847 3502 945 3556 autem
977 3495 1113 3574 sequitur
1136 3513 1190 3556 neo
1211 3511 1299 3572 posse
1328 3492 1404 3553 ali·

281 3604 373 3684 quid
395 3621 412 3666 a
435 3603 561 3664 nihilo
584 3603 677 3664 fieri
700 3621 755 3664 nec
777 3603 865 3664 etiam
888 3603 918 3664 id
941 3604 1020 3684 quod
1044 3603 1167 3682 magis
1188 3603 1403 3682 perfectum

281 3721 344 3787 est,
378 3713 436 3772 hoc
465 3720 511 3772 est
539 3712 619 3790 quod
648 3712 716 3791 plus
747 3712 888 3774 realitatis
918 3713 949 3772 in
979 3731 1011 3772 sc
1040 3713 1172 3774 continet
1200 3731 1235 3772 ex
1262 3731 1297 3772 eo
1324 3711 1404 3791 quod

281 3823 410 3884 miuus
431 3829 520 3900 atque
542 3822 599 3882 hoc
621 3839 682 3890 non
705 3821 794 3881 modo
816 3820 975 3900 perspicue
997 3839 1098 3882 rerum
1119 3829 1164 3882 est
1181 3821 1218 3883 de
1237 3821 1274 3882 iis
1294 3820 1405 3882 effecti·

281 3933 354 4007 bus,
379 3950 506 4012 quorum
529 3931 647 3994 realitas
671 3939 717 3992 est
738 3931 909 3992 actualis
932 3931 993 3992 sire
1015 3931 1216 4006 formello,
1241 3930 1293 3992 sed
1316 3930 1404 3992 etiam

282 4043 319 4104 de
341 4041 445 4104 ideis
467 4041 498 4104 in
522 4041 975 4121 quibusconsideraturtantum
998 4041 1166 4102 realitas
1189 4039 1402 4119 objectiva.

282 4153 343 4212 Nec
365 4151 452 4212 etiam
475 4151 569 4212 debeo
602 4151 761 4231 suspicari,
797 4169 889 4230 quum
918 4151 1038 4213 realitas
1067 4169 1153 4231 quam
1185 4148 1341 4211 considero
1373 4148 1404 4208 in

283 4260 358 4324 meis
380 4260 455 4322 ideis
477 4268 591 4322 tantum
614 4261 653 4324 sit
674 4261 817 4342 objectiva
840 4280 900 4324 non
924 4281 999 4342 opus
1022 4281 1097 4336 esse,
1122 4269 1155 4322 ut
1173 4259 1405 4322 eademrealitas

284 4365 323 4434 sit
345 4370 507 4434 formaliter
529 4369 559 4432 in
583 4371 681 4434 causis
702 4371 828 4434 istarum
849 4371 1001 4449 idearum,
1032 4371 1084 4433 sed
1106 4370 1243 4432 sufficere
1265 4368 1291 4434 si
1314 4368 1352 4431 sit
1373 4367 1405 4429 in
