3260 5058
632 437 956 506 ...ὃμ-

657 547 665 582 f

228 621 317 684 uibus
350 621 511 684 momentis
543 639 637 700 aeque
665 621 829 701 perfectum
858 637 894 682 ac
922 635 1026 680 verum
1058 633 1151 697 aeque
1183 615 1352 680 necessario

229 731 373 793 exsistens
405 749 440 792 ac
472 729 639 792 necessario
672 729 814 809 possibile
843 735 873 790 et
901 735 1052 808 tamquam
1082 744 1130 788 res
1160 745 1221 788 non
1251 726 1352 788 miuus

230 860 320 920 quam
342 847 376 900 ut
397 839 481 902 notio
501 838 701 902 necessarium
724 845 778 900 est.
822 838 862 900 Et
883 855 988 900 omnes
1017 855 1066 900 res
1088 835 1296 915 contingentes
1319 835 1351 898 iu

230 949 295 1030 ejus
318 949 471 1012 intellectu
493 949 677 1010 necessariae
699 948 797 1028 quoad
820 948 973 1010 notionem
996 946 1232 1028 independentes
1254 943 1353 1024 quoad

229 1059 382 1120 veritatem
404 1065 490 1135 sunt;
536 1058 587 1120 sed
610 1057 690 1138 quod
711 1057 816 1119 attinet
838 1056 874 1118 ad
896 1056 1058 1120 honitatem
1080 1055 1353 1136 perfectionemque

231 1169 364 1247 adeoque
386 1187 485 1230 veram
508 1167 710 1230 exsistentiam
733 1185 748 1227 a
772 1173 905 1250 tempore
922 1164 1217 1245 etlocudependeut.
1253 1163 1353 1235 Quum

230 1279 360 1358 primum
371 1279 452 1340 Deus
471 1296 524 1340 ens
535 1277 654 1357 aliquod
675 1276 851 1356 contingens
867 1275 976 1340 alicubi
989 1281 1020 1337 et
1034 1273 1193 1356 aliquando
1205 1273 1351 1355 optimum

231 1407 296 1450 esse
317 1387 457 1467 intelligit
478 1405 526 1450 res
549 1387 586 1448 ad
608 1386 811 1448 exsistentiam
833 1385 967 1466 pervenit
987 1385 1048 1448 sive
1069 1385 1150 1448 Deus
1172 1402 1237 1446 eam
1259 1389 1349 1446 creat.

311 1497 440 1576 Apparet
478 1495 569 1574 igitur
600 1494 859 1556 Mendelsohnium
898 1495 956 1556 hoc
994 1494 1050 1556 sibi
1090 1493 1283 1574 proposuisse
1319 1498 1354 1554 ut

229 1605 404 1674 certasti
426 1611 636 1683 argumentum
658 1622 713 1683 pro
747 1603 919 1664 exsistentia
952 1602 1030 1662 entis
1059 1602 1268 1682 perfectissimi
1299 1620 1351 1664 seu

230 1713 391 1776 necessarii
413 1713 570 1791 perficeret
591 1719 678 1790 alque
701 1713 841 1774 firmaret.
876 1711 914 1772 Et
930 1709 1081 1790 praeclara
1096 1709 1184 1772 nobis
1203 1710 1351 1785 videntur,

231 1823 341 1904 quibus
362 1821 400 1882 ab
422 1821 512 1882 altera
534 1827 616 1900 parte
639 1838 674 1880 ex
696 1819 860 1881 indubitata
883 1819 1070 1880 exsistentiae
1091 1826 1210 1880 nostrae
1232 1818 1353 1880 veritate

232 1933 270 1995 ab
292 1933 383 1994 altera
406 1949 440 1991 ex
462 1929 629 1990 intellectus
651 1930 746 1991 nostri
768 1929 991 2010 imperfectione
1013 1949 1073 1990 non
1097 1948 1150 1991 ens
1172 1929 1354 1992 abstractum

233 2043 285 2104 sed
308 2048 437 2107 mentem
460 2059 525 2102 esse
546 2040 809 2120 perfectissimam,
844 2059 919 2120 quae
949 2058 1009 2102 nou
1038 2040 1135 2102 solum
1157 2056 1353 2120 quaecunque

231 2152 269 2214 ad
291 2151 492 2214 exsistentiam
515 2159 647 2212 nostram
669 2149 828 2230 pertinent,
853 2150 906 2212 sed
919 2150 1053 2212 omnium
1065 2149 1186 2212 omnino
1197 2148 1354 2211 veritatum

231 2282 377 2349 summam
399 2261 562 2324 clarissime
585 2251 870 2345 distinctissimeque
887 2261 1032 2342 intelligat
1047 2260 1206 2323 concludit.
1243 2259 1354 2332 Quam·

230 2373 273 2434 vis
292 2373 366 2434 haec
383 2372 419 2434 ad
439 2371 641 2434 exsistentiam
652 2369 706 2432 uei
725 2372 789 2434 sine
808 2371 899 2433 dubio
911 2371 1093 2451 probandam
1111 2389 1173 2432 non
1192 2369 1352 2432 sufssciant.

231 2481 295 2542 Etsi
318 2480 398 2542 enim
420 2481 586 2542 rectissime
609 2480 721 2546 dictum
743 2480 792 2556 sit,
817 2499 873 2540 nec
894 2479 989 2540 ullum
1008 2498 1062 2540 ens
1081 2479 1213 2558 cogitans
1236 2477 1355 2538 finitum

182 2572 187 2582 ’
233 2606 289 2649 nec
311 2588 400 2648 etiam
428 2588 581 2648 universas
611 2586 700 2648 simul
729 2595 844 2648 mentes
873 2587 1019 2646 humanas
1041 2586 1174 2648 omnium
1197 2586 1355 2648 veritatum

234 2714 381 2758 summam
403 2695 568 2775 intelligere
590 2713 697 2775 posse:
731 2695 802 2774 quid
824 2693 969 2774 ampliuS,
1004 2694 1029 2755 si
1053 2694 1120 2774 quis
1141 2711 1253 2776 ponere
1276 2694 1353 2770 velit,

232 2805 290 2868 hcc
311 2804 433 2868 omnino
455 2823 576 2866 necesse
598 2823 659 2866 non
682 2822 766 2880 esse,
800 2812 834 2866 ut
855 2823 914 2868 una
944 2804 1106 2884 eademque
1135 2822 1220 2866 mens
1249 2819 1353 2864 omnes

232 2935 290 2978 una
319 2915 455 2978 veritates
484 2914 639 2994 intelligat.
685 2913 764 2976 Satis
793 2933 876 2990 esse,
912 2914 938 2976 si
967 2915 1025 2978 hoc
1053 2933 1107 2977 ens
1137 2913 1269 2996 cogitans
1299 2913 1354 2976 has

230 3025 366 3086 veritates
389 3033 418 3088 et
447 3024 527 3088 aliud
557 3025 630 3086 alias
652 3024 798 3106 intelligat
819 3044 913 3106 eaque
935 3045 1006 3088 saue
1028 3025 1143 3088 ratione
1165 3024 1229 3086 fieri
1252 3042 1352 3106 posse,

232 3142 264 3196 ut
275 3153 378 3196 omnes
389 3135 479 3196 simul
491 3142 607 3196 mentes
619 3135 718 3197 linitae
730 3136 876 3197 infinitam
889 3135 1023 3196 omnium
1035 3135 1192 3196 veritatum
1205 3150 1352 3192 summam

232 3243 492 3320 comprehendant.
539 3243 572 3302 Si
600 3261 690 3323 porro
719 3244 756 3304 ad
785 3244 907 3304 alteram
937 3239 1198 3304 demonstrationis
1227 3247 1353 3317 partem,

233 3365 291 3426 qua
325 3348 490 3410 Cartesium
531 3351 666 3429 sequitur
705 3349 848 3426 animum¹
869 3348 1068 3422 advertimus,
1112 3345 1354 3408 Mendelsohnius

233 3455 352 3535 quidem
375 3475 436 3518 non
459 3457 535 3520 sicut
557 3457 607 3518 illc
628 3457 825 3536 philosophus
841 3455 1041 3516 exsistentiam
1057 3453 1270 3536 perfectionem
1293 3453 1354 3517 sive

233 3565 403 3646 qualitatem
425 3565 469 3626 rei
491 3564 660 3626 exsistentis
682 3564 827 3646 appellat,
859 3565 911 3626 sed
934 3583 999 3628 eam
1028 3572 1129 3644 aperte
1151 3561 1354 3647 praedicatum

232 3692 299 3736 esse
321 3675 402 3750 dicit,
428 3674 573 3754 sineque
596 3693 649 3736 ens
672 3673 873 3738 necessarium
895 3674 1078 3736 nullomodo
1101 3673 1224 3755 cogitari
1245 3673 1351 3756 possit,

232 3783 290 3844 nisi
313 3783 577 3846 contradictionem
606 3785 711 3848 afferre
739 3784 876 3848 velimus.
929 3784 1136 3847 Verumtamen
1167 3803 1260 3867 quum
1289 3784 1354 3866 ipse

231 3893 427 3973 philosophus
460 3893 660 3956 exsistentiam
692 3895 791 3974 potius
823 3895 866 3956 rei
899 3893 1024 3974 alicujus
1056 3894 1213 3976 qualitates
1242 3911 1354 3972 ponere

232 4020 321 4086 quam
343 4002 374 4064 in
396 4020 497 4064 earum
521 4019 645 4062 numero
668 4020 734 4064 esse
756 4003 908 4079 concedat,
932 4003 1106 4084 neutiquam
1118 4003 1353 4064 demonstratum

231 4110 319 4172 nobis
342 4130 407 4176 esse
427 4111 554 4186 uidetur,
579 4127 702 4171 necesse
724 4129 807 4186 esse,
831 4119 865 4172 ut
887 4112 963 4172 entis
985 4110 1195 4192 perfectissimi
1218 4109 1279 4172 sive
1301 4128 1354 4172 ne·

232 4221 351 4282 cessarii
380 4221 532 4282 notionem
554 4236 622 4280 cnm
652 4219 840 4282 exsistentiae
869 4220 1037 4299 praedicato
1060 4220 1234 4300 cogitemus.
1278 4219 1352 4282 Nam

231 4328 436 4410 perfectissimi
459 4327 588 4412 alicujus
610 4327 687 4390 entis
709 4327 931 4410 perceptionem
952 4328 1061 4390 habere
1084 4347 1261 4409 possumus,
1296 4326 1352 4388 etsi
