3260 5058
698 469 1020 538 -7g....

296 647 333 710 ah
353 649 421 710 aliis
443 647 562 710 entibus
584 647 767 728 distinguere
789 648 936 724 volueris,
971 648 1097 710 maxime
1126 649 1274 712 elucescet
1295 649 1416 724 utilitas,

223 843 224 846 Ἴ
296 759 445 820 infinitum
467 758 546 820 reale
568 758 606 820 ab
627 758 775 820 illimitato
798 759 1009 838 distinguendi,
1035 759 1073 820 sit
1095 759 1134 820 ita
1157 759 1237 840 quod
1259 759 1419 821 infinitudo

296 868 425 930 limitum
447 868 611 930 absentiam
633 868 664 930 in
688 875 755 930 ente
777 868 878 948 aliquo
900 876 1058 949 supponat.
1094 869 1228 949 Denique
1250 888 1342 948 quum
1365 887 1419 932 eus

296 977 545 1058 perfectissimum
567 978 710 1059 possibile
733 983 766 1055 (9
790 976 844 1055 13)
867 979 948 1042 Deus
970 987 1069 1041 autem
1092 999 1146 1042 ens
1168 979 1418 1060 perfectissimum

296 1089 335 1150 sit
357 1087 470 1164 (914),
494 1090 595 1151 Deus
617 1108 771 1170 quoque
793 1089 1009 1169 possibilis
1032 1097 1101 1152 cst.
1146 1089 1295 1152 Nimirum
1317 1090 1419 1152 istius-

296 1197 377 1260 modi
400 1217 470 1274 ens,
505 1199 593 1278 quale
615 1199 709 1262 Deum
739 1217 805 1262 esse
834 1199 964 1262 diximus
994 1189 1106 1275 (914)
1134 1199 1275 1279 possibile
1297 1210 1420 1265 estnec

297 1307 353 1370 nisi
377 1315 488 1370 temere
511 1309 684 1384 affirmatur,
708 1308 860 1371 notionem
884 1309 938 1371 Dei
961 1327 1027 1370 esse
1049 1310 1147 1370 fictam
1162 1309 1320 1389 Deumque
1342 1309 1419 1372 inter

298 1417 466 1479 chimaeras
495 1417 702 1493 referendum,
737 1419 987 1498 quemadmodum
1020 1418 1111 1498 impie
1143 1427 1292 1498 nugantur
1323 1419 1415 1482 athei.

296 1527 545 1590 Exsisteutia
575 1527 807 1590 necessaria
831 1536 867 1590 et
896 1528 1136 1606 contingens
1165 1527 1337 1590 realitas
1360 1537 1419 1590 est

296 1653 419 1716 eaque
441 1637 586 1716 gradus
608 1636 791 1700 absolute
813 1637 961 1698 summi.
1002 1637 1118 1700 Etenim
1143 1655 1196 1698 ens
1218 1638 1417 1700 necessarium

297 1747 422 1808 exsistit.
469 1747 556 1824 (Pars
579 1747 590 1808 1
613 1745 711 1823 924).
757 1739 905 1818 Quoniam
927 1747 1026 1826 itaque
1048 1746 1167 1808 restitas
1190 1747 1335 1826 quidquid
1358 1748 1418 1808 enti

295 1873 363 1916 vere
395 1856 489 1930 inest,
524 1875 585 1917 uon
617 1875 687 1918 vero
721 1856 925 1918 tantummodo
954 1875 1009 1936 per
1041 1857 1180 1917 confusas
1214 1857 1418 1936 perceptiones

296 1965 395 2026 inesse
417 1965 533 2028 videtur
555 1963 635 2040 (95)
659 1965 732 2044 quin
750 1965 920 2028 exsistentia
942 1965 1108 2027 necessaria
1133 1965 1251 2026 realitas
1274 1967 1418 2046 quaedam

296 2074 335 2136 sit
367 2073 496 2136 dubitari
528 2073 641 2153 nequit.
698 2075 870 2137 Successiva
903 2075 934 2135 in
969 2075 1081 2136 mundo
1115 2084 1186 2136 sunt
1217 2076 1416 2156 contingentia

297 2187 330 2258 (§
352 2178 394 2244 80
416 2183 573 2258 Cosmol.).
619 2161 833 2254 Quamobrem
854 2201 947 2262 quum
981 2183 1165 2263 contingens
1190 2185 1229 2246 sit
1258 2186 1337 2265 quod
1366 2205 1417 2247 ne-

296 2291 457 2352 cessarium
487 2310 546 2352 non
577 2299 622 2352 cst
651 2295 683 2366 (9
706 2289 769 2354 294
792 2292 909 2367 Οηιοι.)
944 2293 1076 2372 adeoque
1109 2295 1186 2356 entis
1220 2296 1418 2375 contingentis

296 2400 465 2462 exsistentia
488 2419 549 2462 noo
572 2401 611 2462 sit
632 2400 767 2464 absoluto
789 2403 954 2464 necessaria
975 2407 1007 2476 (9
1020 2399 1082 2466 309
1095 2404 1223 2480 Ontol.)‚
1249 2405 1419 2466 exsistentia

296 2529 415 2590 quoque
437 2529 496 2572 non
519 2512 684 2574 neccssaria
708 2511 768 2574 sive
791 2511 966 2592 contingens
983 2513 1107 2575 restitas
1129 2522 1175 2576 est
1197 2519 1230 2591 (9
1243 2514 1290 2592 5).
1330 2514 1419 2586 Quod

296 2629 360 2682 erat
382 2621 556 2684 secundum.
602 2621 761 2684 Enimvero
792 2623 861 2703 quia
891 2641 979 2684 omne
1009 2624 1129 2717 ens'vel
1151 2625 1351 2687 necessarium
1375 2632 1420 2687 εει

295 2732 340 2794 vel
363 2733 538 2812 contingens
562 2729 664 2807 (9311
691 2733 808 2809 Ontol.)
831 2733 964 2813 adeoque
986 2734 1156 2795 exsistentia
1180 2735 1278 2796 omnis
1299 2735 1343 2796 vei
1367 2753 1420 2796 nc-

297 2841 424 2902 cessaria
446 2841 493 2902 rel
515 2859 576 2902 non
598 2842 764 2902 necessaria
787 2842 848 2903 sive
871 2843 1046 2922 contingens
1069 2839 1187 2919 (9309,
1212 2841 1275 2906 310
1288 2844 1417 2921 Onici),

297 2957 414 3028 praeter
437 2949 638 3011 exsistentiam
672 2951 871 3012 necessariam
905 2960 934 3013 et
967 2953 1187 3031 contingentem
1217 2953 1274 3014 alia
1302 2953 1419 3033 concipi

295 3057 408 3137 nequit.
454 3057 642 3138 thuoniam
662 3059 832 3122 exsistentia
852 3060 1027 3140 contingens
1046 3062 1236 3142 hypothetice
1252 3063 1418 3125 necessaria
1498 3061 1505 3074 '

294 3176 340 3230 est
361 3172 396 3244 (9
419 3164 482 3230 316
504 3167 639 3244 Dutch),
664 3170 774 3249 gradus
799 3189 866 3232 vero
889 3177 935 3232 est
956 3171 997 3246 id,
1022 3191 1081 3250 quo
1104 3171 1261 3250 qualitates
1284 3173 1430 3247 eaedem‚'

294 3279 325 3340 in
359 3297 485 3357 quarum
519 3299 644 3341 numero
677 3280 878 3344 exsistentiam
912 3299 1030 3361 quoque
1063 3300 1129 3342 esse
1158 3290 1273 3343 constat
1300 3286 1333 3358 (9
1355 3281 1419 3344 452

294 3389 411 3464 Οειοι.)
446 3389 565 3452 differre
598 3399 725 3470 possunt
758 3395 791 3467 (9
813 3389 877 3454 746
899 3391 1015 3468 Ontol.)
1049 3391 1080 3452 in
1110 3391 1280 3452 exsistentia
1308 3393 1418 3472 gradus

294 3499 409 3578 concipi
432 3509 584 3579 nequeunt
605 3521 693 3580 quarn
716 3502 814 3582 quoad
838 3502 1042 3564 necessitatem
1066 3502 1236 3564 exsistendi.
1281 3503 1346 3564 Jam
1369 3523 1418 3563 ex·

294 3609 427 3668 sistentia
451 3611 616 3672 necessaria
639 3621 695 3687 est,
720 3612 747 3672 vi
770 3612 855 3692 cujus
879 3611 1081 3691 impossibile,
1117 3632 1170 3674 ens
1195 3631 1253 3674 non
1277 3589 1417 3674 exsisteie

294 3721 328 3791 (9
351 3715 414 3778 279
437 3718 553 3794 θεῖοι.)
576 3739 669 3798 quum
692 3721 718 3782 vi
742 3721 942 3800 contingentis
965 3722 1052 3782 etiam
1076 3740 1136 3783 non
1159 3723 1300 3784 exsistere
1322 3722 1418 3802 possit

294 3831 328 3901 (9
351 3823 414 3889 294
436 3827 563 3901 carot).
608 3829 703 3909 Major
721 3829 820 3909 itaque
839 3831 1028 3892 exsistentiae
1046 3833 1154 3910 gradus
1170 3832 1287 3912 concipi
1301 3832 1415 3911 nequit,

293 3955 381 4016 quam
415 3937 466 4016 qui
499 3937 688 4002 exsistentiae
721 3940 905 4003 necessariae
938 3941 1092 4017 convenit,
1133 3953 1351 4022 consequenter
1383 3961 1416 4004 ca

292 4049 401 4126 gradus
424 4047 562 4110 absolute
588 4051 699 4112 summi
729 4057 784 4112 est.
829 4051 988 4113 Enimvero
1017 4053 1120 4114 eadem
1151 4072 1270 4132 quoque
1298 4053 1416 4114 reatitas

292 4176 345 4238 por
367 4176 525 4220 numerum
549 4159 572 4221 1.
618 4161 674 4223 Est
706 4162 798 4242 igitur
831 4162 950 4224 realitas
983 4162 1093 4242 gradus
1125 4163 1261 4224 absolute
1295 4163 1414 4224 summi.

293 4267 377 4340 Quod
401 4277 466 4330 erat
487 4270 621 4332 tertium.
652 4271 753 4334 Deus
775 4272 1000 4334 necessario
1023 4272 1200 4334 exsistit.
1233 4273 1313 4334 Deus
1336 4273 1415 4334 enim

292 4378 428 4440 continet
445 4398 549 4442 ornnes
568 4380 719 4444 realitates
737 4381 963 4463 compossibiles
982 4382 1013 4444 in
1032 4383 1125 4462 gradu
1142 4382 1279 4444 absolute
1298 4401 1416 4448 summo
