3260 5058
554 820 700 888 ltoses
731 817 1119 888 ltendelsohntns.

792 1005 889 1016 ——.

360 1125 443 1188 Inter
464 1141 526 1201 eos,
551 1123 602 1204 qui
624 1141 716 1203 quum
740 1123 776 1184 de
799 1122 938 1186 omnibus
959 1121 1165 1204 philosophiae
1188 1122 1309 1202 studiis,
1333 1129 1398 1186 tum

276 1233 425 1316 imprimis
448 1233 485 1294 de
507 1232 668 1294 excolendo
691 1231 859 1312 ontologico
881 1251 935 1312 pro
954 1232 1007 1293 bei
1029 1232 1200 1294 exsistentia
1223 1240 1399 1312 argumento

277 1343 389 1424 optime
411 1341 510 1404 meriti
533 1347 615 1416 sunt,
638 1359 699 1404 non
722 1341 1006 1422 praetermittendus
1023 1341 1110 1402 nobis
1127 1348 1174 1402 est
1189 1341 1400 1404 celeberrimus

277 1452 329 1514 ille
350 1451 405 1528 vir,
429 1451 481 1532 qui
503 1451 637 1532 quamvis
659 1451 837 1512 christianae
849 1451 918 1512 fidei
930 1470 990 1513 uon
1006 1451 1144 1512 addictus
1164 1451 1399 1513 sincerae-oneo

242 1635 247 1644 x
276 1562 403 1644 pietate,
439 1561 555 1640 egregia
578 1559 772 1638 liberalitate,
808 1561 935 1622 maximo
966 1580 1004 1622 ne
1027 1561 1122 1622 dicam
1151 1559 1243 1622 nimio
1266 1559 1400 1622 omnium

277 1671 420 1734 scientiae
450 1669 676 1752 disciplinarum
705 1670 811 1732 ardore
841 1670 994 1750 praeditus
1017 1676 1091 1734 erat.
1137 1669 1166 1730 ls
1189 1675 1254 1730 erat
1275 1670 1400 1730 Moses

276 1782 304 1844 Μ
314 1779 623 1856 endelsohnius,
658 1779 709 1862 qui
739 1786 828 1842 natus
857 1779 1014 1840 Dessaviae
1043 1784 1113 1842 ante
1143 1779 1222 1840 diem
1243 1779 1308 1839 Vlll
1329 1778 1400 1839 ldus

278 1889 471 1971 Septembres
493 1889 564 1951 anni
588 1887 671 1952 1729
692 1907 709 1954 a
730 1889 904 1970 parentibus
925 1889 1056 1951 ludaicis
1083 1889 1145 1970 jam
1168 1887 1238 1950 inde
1260 1908 1276 1950 a
1298 1887 1400 1970 pueris

277 1999 410 2078 insignes
439 1997 551 2078 ingenii
582 1997 736 2060 facultates
766 1977 978 2078 magnumque
997 1997 1131 2059 discendi
1161 1996 1294 2058 studium
1316 2015 1402 2078 prae·

277 2107 392 2183 stabat,
417 2107 497 2186 quod
520 2125 536 2168 a
558 2112 750 2194 praeceptore
772 2106 945 2168 braenlrelio
968 2107 1109 2186 magistro
1131 2106 1254 2168 ludaico
1277 2105 1402 2186 diligen-

277 2217 393 2280 tissime
416 2215 613 2280 excolebatur.
649 2214 744 2286 Quem
764 2215 934 2278 berolinum
954 2215 1147 2294 emigrantem
1159 2213 1401 2276 Mendelsohnius

278 2325 413 2406 quamvis
442 2324 603 2386 admodum
621 2321 748 2406 juvenis
777 2331 807 2385 et
835 2324 915 2386 baud
941 2324 1101 2404 opulentus
1131 2331 1250 2386 secutus
1273 2330 1334 2400 est,
1369 2330 1403 2386 ut

278 2433 444 2497 eruditione
474 2433 540 2516 ejus
568 2451 657 2514 porro
688 2440 832 2496 uteretur.
878 2433 921 2494 lbi
951 2452 1044 2514 quum
1073 2433 1137 2514 ipse
1167 2434 1238 2494 satis
1268 2433 1402 2494 eruditus

277 2551 357 2606 esset
374 2543 506 2626 primum
525 2550 699 2624 praeceptor
717 2541 898 2604 domesticus
916 2542 1081 2604 bernhardi
1097 2541 1250 2623 cujusdam
1270 2542 1401 2622 negotia-

276 2654 350 2716 toris
369 2665 397 2716 et
416 2653 529 2714 domini
549 2639 684 2715 officibae
703 2653 878 2726 sericorum,
903 2653 1010 2714 deinde
1029 2671 1107 2714 amm
1128 2650 1211 2714 1754
1229 2660 1403 2733 procurator

276 2762 368 2843 hujus
390 2771 594 2840 mercaturae,
626 2762 674 2823 cui
696 2781 765 2824 mox
787 2761 825 2822 ob
848 2763 995 2824 infirmam
1019 2761 1182 2823 bernhardi
1204 2757 1401 2824 valetudinem

277 2871 360 2932 solus
393 2879 545 2952 praeerat,
580 2871 709 2951 denique
735 2879 803 2952 post
832 2870 1039 2932 bernhardum
1069 2871 1240 2932 defunctum
1271 2871 1307 2932 ab
1337 2871 1402 2951 ejus

276 2980 363 3042 vidua
386 2999 509 3042 consors
532 2981 632 3042 socius
655 2981 750 3042 factus
773 2988 832 3058 est,
856 2980 896 3042 ita
921 2988 953 3042 ut
975 2988 1092 3060 tempus
1115 2998 1202 3042 suum
1225 2980 1304 3041 inter
1325 2997 1402 3042 mer-

277 3098 395 3154 caturae
413 3089 532 3170 negotia
555 3090 725 3169 cultumque
746 3089 912 3150 litterarum
935 3088 1088 3150 divideret.
1135 3088 1199 3160 Quo
1222 3089 1332 3150 factum
1356 3095 1403 3149 est

279 3210 314 3264 ut
333 3201 398 3282 ipse
420 3219 540 3281 quoque
559 3219 628 3260 mox
646 3199 684 3260 ob
703 3199 813 3260 nimios
825 3207 854 3260 et
866 3199 999 3280 corporis
1018 3198 1149 3260 etanimi
1169 3197 1284 3260 labores
1296 3215 1402 3278 magna

276 3311 314 3373 ad
343 3310 555 3390 aegrotandum
588 3309 771 3389 proclivitate
800 3309 993 3370 afflictaretur
1026 3316 1056 3370 et
1087 3315 1274 3388 praematura
1307 3314 1402 3370 morte

276 3419 373 3504 pridie
395 3437 489 3480 nonas
511 3418 667 3480 lanuarias
689 3418 761 3479 anni
784 3415 867 3480 1786
883 3419 967 3506 diem
990 3436 1163 3498 supremum
1186 3415 1293 3477 obiret.

363 3529 418 3590 llic
449 3529 494 3589 vir
526 3529 563 3589 de
595 3528 778 3607 argumentis
810 3547 865 3606 pro
902 3527 954 3588 bei
987 3527 1158 3588 exsistentia
1187 3525 1401 3605 praelectiones

277 3656 376 3700 coram
399 3637 468 3696 filiis
498 3637 561 3697 suis
583 3636 820 3698 adolescentibus
849 3635 1064 3714 nonnullisque
1093 3635 1288 3696 familiaribus
1318 3633 1401 3695 boris

276 3746 433 3808 matutinis
454 3745 560 3806 babuit
582 3765 690 3825 easque
717 3764 795 3807 anno
819 3741 901 3806 1785
928 3744 1007 3824 typis
1037 3744 1246 3806 describendas
1276 3743 1398 3818 curavit,

277 3874 353 3936 quae
382 3855 551 3934 germanice
580 3854 707 3934 scriptae
737 3862 766 3915 et
795 3860 1005 3933 argumentum
1035 3853 1237 3932 ontologicum
1266 3854 1347 3914 hunc
1368 3851 1400 3912 in

277 3965 400 4026 modum
422 3972 594 4045 proponunt
610 3945 655 4040 ¹):
687 3965 807 4026 Praeter
828 3962 1032 4026 immediatum
1054 3962 1191 4044 propriae
1220 3980 1303 4023 meae
1325 3959 1402 4022 exsi-

345 4183 373 4246 1)
398 4181 430 4230 cf.
451 4179 696 4232 Mendelsohuii
713 4180 828 4232 Mosis:
868 4179 967 4246 Scripta
993 4179 1075 4229 omniu
1101 4178 1181 4229 edidit
1203 4177 1338 4228 Professor
1354 4175 1398 4226 br.

278 4265 308 4316 G.
329 4265 357 4315 b.
377 4257 540 4316 Mcodelsobu
557 4263 601 4318 Vll
619 4263 677 4314 roll.
699 4263 801 4332 Lipsioc
820 4264 896 4316 1843.
920 4262 980 4314 voll.
1001 4263 1038 4316 ll.
1076 4263 1161 4315 llorac
1185 4261 1322 4312 ruututinac
1347 4259 1401 4310 sive

276 4351 459 4422 praelectiones
478 4351 508 4402 de
527 4351 676 4403 exsistentia
693 4351 749 4402 bei.
769 4367 793 4420 p.
814 4352 864 4403 377
883 4364 936 4416 sqq.
