3236 5076
692 407 1016 474 „qq-

285 594 365 662 erat,
390 593 423 650 ut
444 585 585 648 ecclesiae
608 587 744 666 dogmata
769 595 798 650 et
820 587 869 650 illa
892 588 1099 670 potissimum,
1124 607 1200 668 quaa
1223 597 1256 650 ut
1275 588 1391 650 doctrin

284 697 322 756 do
345 694 415 768 nan,
440 696 476 758 de
499 697 686 770 revelatione,
711 697 748 758 da
769 697 869 758 anima
892 697 1019 760 harmana
1043 697 1168 778 ejusque
1190 697 1412 760 immortalitate

284 805 321 868 ad
351 805 527 886 theologiam
550 806 691 868 simulet
719 806 937 888 philosophiam
965 806 1171 888 pertinebant,
1205 825 1273 872 curu
1297 807 1411 872 ratione

286 915 413 976 humana
437 916 631 978 conciliarent
660 917 689 978 id
720 926 765 980 cst
786 925 815 978 et
844 917 1028 998 argumentis
1057 919 1209 980 firmarent
1231 918 1410 998 etamplius

284 1024 464 1108 explicarent
488 1034 517 1088 et
538 1027 707 1090 accuratius
729 1027 897 1090 delluirent.
933 1026 1016 1098 Quae
1038 1027 1137 1088 omnia
1160 1045 1196 1088 eo
1218 1027 1409 1108 potissimum

284 1142 417 1216 tempore
440 1136 512 1200 lacta
536 1143 616 1210 sunt,
640 1155 699 1217 qno
722 1137 886 1200 litterarum
909 1136 1029 1198 scholae
1050 1155 1126 1216 quoa
1150 1137 1274 1200 Carolus
1286 1138 1409 1216 llagnus

282 1243 319 1305 ad
351 1243 490 1318 idoneos,
525 1245 635 1326 quihus
665 1246 792 1328 popolus
822 1245 973 1326 indigebat
1009 1246 1194 1326 paedagogos
1224 1246 1408 1327 clericosque

284 1353 484 1416 instituendos
505 1364 661 1436 aperuerat
672 1356 828 1420 seminaria
852 1355 951 1436 potius
974 1365 1003 1420 et
1025 1357 1110 1437 quasi
1123 1356 1256 1420 subsidia
1280 1357 1408 1420 recentia

283 1463 434 1526 doctrinae
447 1464 669 1546 philosophicae
691 1475 721 1528 et
743 1465 926 1546 theologicae
943 1473 1105 1528 evaserant.
1137 1467 1222 1528 Unde
1233 1466 1407 1530 haecmadii

282 1574 345 1636 aevi
369 1575 527 1655 periodus,
562 1595 637 1658 qnae
667 1577 729 1638 lere
757 1576 794 1638 ab
817 1575 976 1638 undecimo
1006 1577 1159 1656 usquead
1183 1576 1304 1640 tertium
1327 1576 1408 1640 deci-

284 1703 364 1748 mum
399 1686 551 1750 saeculum
585 1688 713 1770 pertinet
746 1686 913 1750 rectissime
945 1686 1191 1750 scholastica
1224 1686 1403 1766 appellatur,

282 1813 358 1876 quac
381 1804 477 1860 manen
500 1797 675 1878 significatio
698 1817 786 1878 saepe
805 1797 869 1878 jam
890 1816 906 1860 a
930 1797 1000 1860 viris
1022 1796 1116 1858 doctis
1142 1795 1263 1858 sinistre
1285 1805 1405 1876 accepta

281 1913 337 1968 est.
372 1906 444 1968 Num
468 1908 523 1968 etsi
547 1925 653 1986 negare
675 1927 736 1970 non
759 1925 920 1988 possumus
942 1905 1136 1968 scholasticos
1159 1905 1227 1966 illos
1250 1905 1405 1985 theologos

281 2013 402 2076 nimiam
425 2033 513 2094 saepe
536 2016 565 2076 iu
589 2015 765 2078 dirimendis
788 2023 817 2078 at
838 2035 891 2096 per
914 2024 1012 2096 partes
1028 2015 1210 2096 explicandis
1232 2015 1404 2078 notionibus

281 2125 485 2206 ‹logmatisque
508 2125 702 2188 subtilitatem
725 2126 908 2202 adhibuisse,
933 2145 987 2205 per
1010 2127 1118 2188 milltes
1139 2126 1278 2205 ambages
1300 2145 1403 2188 cornea

281 2235 311 2295 in
334 2235 473 2298 universo
503 2245 532 2297 el
562 2236 693 2314 singulus
723 2235 874 2298 doctrinae
897 2244 996 2315 partes
1027 2244 1209 2316 pertentasse
1231 2245 1261 2298 et
1290 2235 1402 2298 utiunta

281 2345 359 2408 haud
382 2363 466 2420 raro,
503 2353 536 2406 ut
557 2364 661 2406 omues
690 2365 765 2426 quae
788 2346 818 2408 iu
850 2345 980 2406 medinm
1004 2345 1130 2425 prolerri
1154 2353 1292 2425 poterant
1310 2363 1402 2425 quae-

280 2454 393 2516 stiones
416 2454 834 2536 dubitationesquetollerent,
859 2454 1010 2534 diligentia
1034 2473 1194 2529 nsosesse,
1221 2463 1317 2518 tamon
1342 2474 1401 2520 raon

280 2565 308 2626 id
332 2571 446 2628 tautum
470 2566 550 2646 quod
573 2566 602 2626 in
627 2565 745 2628 illorum
770 2565 899 2627 virorum
913 2565 1079 2626 eruditione
1092 2565 1192 2626 miuus
1215 2563 1402 2644 comprobari

280 2682 379 2755 potest
397 2677 645 2740 considerandum
667 2676 753 2738 nohis
773 2695 838 2738 esse
850 2676 975 2738 videtur.
1010 2676 1107 2738 Altera
1120 2684 1250 2756 exparte
1262 2693 1401 2754 maguum

279 2785 390 2866 ingenii
413 2805 553 2860 acumen,
578 2793 713 2848 accurata
737 2785 869 2848 ominium
892 2785 1099 2866 quaestionum
1124 2785 1294 2864 explicatio,
1320 2803 1404 2864 prae-

280 2895 357 2956 clara
392 2895 421 2954 in
457 2895 643 2974 proterendis
677 2896 889 2974 humandisque
922 2895 1106 2974 argumentis
1139 2894 1307 2975 diligentia,
1345 2895 1403 2957 huc

280 3023 379 3080 omne,
404 3004 534 3086 inqna'nr,
558 3023 673 3066 sruurma
696 3003 892 3066 admiratione
917 3012 1016 3067 uestra
1041 3003 1163 3082 dignum
1187 3012 1250 3078 est,
1275 3004 1353 3069 sicut
1374 3013 1403 3067 et

279 3114 444 3194 theologiae
467 3114 643 3176 christianae
670 3115 796 3176 multum
821 3131 892 3174 sane
915 3114 1044 3192 proluit,
1081 3133 1172 3192 quum
1197 3113 1284 3176 variis
1307 3113 1402 3176 modis

279 3233 308 3286 et
330 3225 481 3306 ingenium
504 3233 623 3288 acueret
645 3233 674 3285 et
697 3223 832 3286 rationali
856 3223 1025 3302 dogmatum
1039 3223 1306 3286 ecclesiasticorum
1331 3243 1401 3284 con-

278 3334 451 3398 siderationi
493 3337 568 3399 viam
601 3337 787 3416 patefaceret.
844 3333 942 3396 Facile
981 3334 1051 3396 hinc
1087 3342 1211 3414 apparet
1251 3333 1400 3413 ejusmodi

279 3453 395 3526 tempus
421 3446 457 3506 ad
481 3447 639 3508 excolenda
667 3465 742 3526 quae
768 3464 822 3526 pro
847 3444 897 3506 noi
920 3445 1090 3508 exsistemia
1112 3442 1239 3524 proponi
1264 3450 1403 3522 poteraut

278 3561 450 3634 argumenta
482 3554 607 3614 maxiano
638 3555 776 3616 idoneum
808 3554 909 3614 luisse.
963 3554 1083 3616 Accedit
1112 3553 1192 3630 quod
1223 3559 1287 3614 tum
1317 3571 1402 3631 prae·

279 3663 383 3727 sertim
406 3662 539 3744 quaestio
569 3662 622 3722 illa.
649 3662 687 3722 ab
709 3660 927 3744 antiquissimis
946 3660 1008 3738 jam
1033 3661 1218 3740 pbilosophis
1240 3661 1401 3742 disceptata

279 3775 316 3836 de
345 3771 543 3836 Realisuuo
577 3769 691 3838 scilicet
724 3778 753 3830 et
782 3768 1072 3830 Nominalismo
1105 3770 1203 3831 denuo
1236 3773 1401 3834 accuratius

280 3882 469 3970 tractabatur.
524 3879 744 3954 Quaerebauur,
783 3887 817 3941 ut
845 3878 946 3958 paucis
979 3879 1076 3940 verbis
1110 3899 1171 3942 rem
1201 3882 1399 3960 adtingamus,

281 4003 381 4082 nurum
413 3992 599 4078 potiones
634 3989 889 4069 anniversales
920 3989 1150 4070 uelgenerales
1185 3992 1228 4054 vel
1259 3991 1401 4071 speciales

279 4123 360 4165 cnm
380 4103 463 4182 ipsa
482 4120 608 4162 rernm
632 4109 668 4161 et
691 4100 915 4161 visibilium
934 4109 971 4162 et
989 4101 1318 4180 intelligibilium
1342 4120 1402 4162 es-

280 4213 410 4274 sentia
440 4211 718 4283 convenirent,
755 4210 815 4271 sive
839 4219 871 4271 nt
893 4211 1002 4272 Plato
1025 4218 1179 4272 censuerat
1202 4211 1281 4271 nuilla
1305 4212 1402 4272 adhuc

279 4305 378 4384 rc‘rn'iu
402 4316 605 4384 observatione
628 4317 656 4382 e't
679 4315 769 4381 autimi
800 4313 989 4410 perceptione
1012 4309 1206 4382 antecedente
1230 4321 1402 4382 statuaraliter
