3260 5058
617 419 967 490 *103—

223 600 489 681 Bamhergensium
522 599 618 662 editor
649 599 737 675 vixit,
772 608 874 680 postea
906 599 1110 680 philosophiae
1138 600 1290 680 professor
1318 600 1349 662 in

223 713 414 778 universitate
444 711 608 772 litterarum
634 711 878 790 heidelbergensi
908 711 1015 771 deinde
1038 711 1223 772 Berolinensi
1253 711 1350 773 nomi-

225 831 311 884 natus
334 830 390 897 est,
416 821 527 900 quain
550 820 624 881 urbe
647 831 715 880 ante
738 820 816 880 diem
828 819 905 881 XVll
928 820 1065 882 calendas
1078 821 1257 882 Decembres
1278 820 1350 882 anni

228 929 308 994 1831
343 931 422 992 diem
458 948 630 1010 supremum
651 925 749 992 obiit.
807 930 864 1000 Oui
897 930 942 990 vir
975 931 1080 991 doctus
1112 931 1143 991 in
1177 949 1266 1010 opere
1295 948 1350 990 suo

227 1041 387 1120 posthumo
417 1040 496 1119 quod
518 1038 555 1099 ad
578 1037 797 1118 philosophiam
820 1038 973 1118 religionis
1000 1037 1174 1118 pertinet³)
1197 1057 1290 1119 quum
1313 1040 1350 1100 de

230 1151 334 1211 ceteris
356 1157 420 1210 tum
449 1148 485 1210 de
507 1149 674 1227 ontologico
704 1157 878 1228 argumento
901 1149 932 1210 in
960 1150 1041 1210 hunc
1062 1150 1124 1210 lere
1146 1149 1268 1210 modum
1291 1148 1352 1210 dis-

231 1259 338 1321 seruit:
374 1257 745 1338 Gogitatio.intimum
779 1266 808 1318 et
840 1258 994 1337 proprium
1028 1258 1112 1338 quasi
1141 1258 1209 1319 tidei
1239 1258 1351 1320 bonum

230 1369 375 1449 siquidem
398 1367 565 1429 essentialis
588 1386 715 1446 veraque
731 1367 923 1446 intelligatur,
948 1367 1115 1428 necessaria
1128 1366 1217 1428 simul
1230 1367 1350 1442 sciatur,

227 1479 438 1540 conscientiam
471 1479 517 1539 sui
551 1477 646 1556 ipsius
679 1486 709 1538 et
741 1477 927 1538 continuatae
960 1496 1032 1539 suae
1062 1477 1265 1558 explicationis
1295 1476 1352 1538 sihi

227 1596 350 1668 quaerat
379 1606 500 1648 necesse
532 1594 591 1661 est;
627 1587 665 1646 ita
689 1587 921 1647 demonstrando
944 1605 1009 1647 sese
1032 1586 1168 1665 explicat,
1194 1605 1262 1646 nam
1285 1586 1351 1646 de-

229 1705 453 1758 monstrare
486 1696 561 1756 nihil
594 1695 676 1756 aliud
709 1703 771 1770 est,
806 1695 864 1756 nisi
894 1695 1125 1756 continuationis
1152 1694 1278 1773 ideoque
1300 1714 1352 1756 ne-

231 1805 375 1866 cessitatis
399 1806 550 1866 conscium
573 1787 630 1866 sihi
653 1805 717 1866 fieri
740 1813 779 1880 et,
803 1805 900 1885 quoad
923 1812 1057 1865 nostrum
1080 1805 1277 1884 propositum,
1301 1823 1353 1884 pe-

233 1913 353 1975 culiaris
381 1913 501 1993 quidem
529 1913 560 1973 in
583 1933 618 1974 eo
650 1915 731 1993 quod
762 1933 815 1994 per
845 1933 877 1974 se
907 1913 1077 1975 universum
1108 1920 1154 1974 est
1186 1913 1352 1994 argumenti

233 2023 418 2104 ahsolutiqne
440 2023 531 2103 hujus
553 2024 613 2084 veri
632 2031 780 2103 tamquam
802 2043 937 2084 summae
959 2024 1059 2102 itaque
1081 2024 1202 2085 ultimae
1224 2043 1299 2102 quae
1321 2024 1352 2084 in

231 2133 373 2213 peculiari
396 2152 574 2213 quocunque
603 2142 778 2213 argumento
801 2134 971 2194 continetur
996 2133 1137 2194 veritatis.
1184 2133 1265 2204 Quae
1288 2133 1354 2214 qui-

231 2243 299 2306 dem
322 2243 521 2305 conscientiae
542 2243 693 2324 proposita
716 2244 899 2306 continuatio
922 2251 1001 2304 certe
1024 2263 1082 2304 non
1106 2249 1223 2304 tantum
1245 2243 1354 2322 cogita·

229 2354 320 2415 tionis
342 2363 461 2415 nostrae
490 2362 590 2414 motus
613 2349 788 2415 arbitrarius
817 2361 934 2433 praeter
955 2353 1050 2432 ipsam
1079 2372 1142 2414 rem
1165 2372 1231 2414 esse
1254 2351 1352 2430 debet,

134 2523 136 2530 ,
231 2463 284 2524 sed
306 2464 400 2542 ipsam
430 2483 494 2523 rem
516 2470 660 2542 sequatur
682 2470 711 2522 et
732 2463 827 2542 ipsam
856 2463 981 2542 ejusque
1003 2464 1208 2524 necessitatem
1232 2463 1357 2542 explicet

234 2587 355 2629 necesse
378 2577 432 2632 est.
477 2569 557 2630 Talis
580 2571 742 2648 expositio,
777 2580 876 2632 motus
899 2573 955 2652 ipsi
979 2573 1022 2633 rei
1045 2573 1204 2634 inhaerens
1227 2572 1287 2632 sive
1310 2573 1355 2632 in-

236 2677 353 2737 terioris
376 2677 572 2756 propriaeque
595 2677 780 2738 necessitatis
802 2680 951 2759 explicans
973 2691 1197 2760 argumentum,
1232 2681 1289 2741 hoc
1311 2690 1356 2743 est

236 2785 362 2864 ipsum
393 2785 628 2863 intelligere
658 2793 687 2846 et
708 2805 809 2848 verum
839 2790 958 2868 quidem
981 2791 1006 2850 si
1029 2809 1097 2851 cum
1120 2809 1152 2850 re
1174 2790 1238 2870 ipsa
1260 2808 1355 2852 unum

235 2895 374 2973 idemque
397 2903 451 2956 est.
497 2895 561 2984 Res·
589 2903 688 2956 antem
711 2897 798 2957 nobis
828 2899 979 2979 proposita
1009 2899 1181 2960 elevatio
1210 2899 1355 2961 mentis

233 3010 399 3064 nostrae
439 3004 482 3064 ad
516 3004 631 3065 Deum
665 3005 732 3066 erit.
797 3007 891 3078 Quem
925 3008 979 3068 Dei
1012 3009 1232 3088 perceptionem
1265 3009 1355 3069 homo

233 3115 376 3192 consequi
399 3121 512 3192 potest,
537 3113 562 3174 si
585 3114 665 3174 Dens
687 3134 748 3175 non
772 3117 860 3176 modo
883 3117 1123 3178 intellectus
1146 3116 1206 3176 sui
1229 3117 1355 3196 ipsius

234 3223 421 3283 conscius
444 3230 498 3297 est,
524 3223 576 3283 scd
597 3221 671 3283 illud
694 3223 793 3302 potins
816 3224 894 3284 serio
916 3225 1047 3304 ponitur,
1072 3226 1151 3305 quod
1175 3233 1250 3300 est,
1275 3227 1355 3304 quod

234 3350 302 3411 pro
325 3331 440 3392 nohis
464 3339 539 3406 est,
569 3332 647 3411 quod
670 3351 686 3392 a
709 3351 776 3394 sna
799 3341 908 3412 parte
931 3334 1009 3395 inter
1031 3335 1129 3414 ipsum
1152 3343 1181 3395 et
1203 3353 1259 3395 nos
1281 3336 1355 3396 ratio

234 3441 389 3502 intercedit
399 3461 494 3521 neque
505 3448 622 3502 tantum
645 3442 823 3503 dehominis
846 3445 882 3504 ad
895 3445 989 3504 Deum
1013 3447 1125 3506 ratione
1138 3446 1250 3524 agitur3
1275 3445 1356 3524 quod

234 3551 298 3630 ipse
319 3569 384 3611 sese
407 3541 578 3611 hominihus
601 3552 872 3613 communicat.
898 3553 974 3634 ¹Non
993 3553 1121 3615 humana
1139 3575 1214 3634 qnae
1233 3562 1353 3617 vocatur

235 3659 429 3746 terminisque
452 3660 676 3739 circumscripta
699 3661 773 3721 ratio
796 3669 840 3722 est
862 3681 937 3741 quae
959 3663 1052 3724 Deum
1076 3664 1267 3744 intelligendo
1290 3683 1357 3744 per-

236 3767 317 3847 cipit,
342 3768 394 3828 sed
416 3768 588 3847 spiritus
611 3768 678 3830 Dei
701 3769 739 3830 in
770 3771 944 3847 homine,
977 3771 1030 3832 Dei
1057 3771 1152 3852 ipsius
1175 3773 1355 3834 conscientia

235 3971 541 3982 Ἥ

304 4078 332 4141 3)
351 4077 383 4126 cl.
399 4075 519 4142 'HepeL
541 4079 588 4129 Fr.
609 4079 673 4132 W.:
711 4079 899 4133 Praelectiones
927 4082 957 4133 de
981 4081 1136 4152 philosophia
1159 4084 1289 4148 religionis
1307 4100 1356 4134 una

237 4176 291 4210 cum
310 4162 403 4227 scripto
422 4163 453 4212 (lc
472 4163 625 4226 argumentis
644 4165 676 4214 ad
694 4163 742 4214 Dei
760 4167 933 4217 exsistentiam
950 4167 1104 4233 prehendam
1122 4169 1141 4219 ll
1159 4176 1217 4220 tom.
1239 4169 1356 4220 ethar-

237 4243 374 4294 teineke
392 4245 503 4296 Berolini
521 4249 595 4298 1832.
635 4247 743 4312 Operum
767 4250 874 4300 omnium
897 4257 955 4300 tom.
975 4250 1013 4302 Xl
1030 4251 1079 4302 Xll
1098 4253 1137 4302 hic
1155 4254 1289 4320 praecipue
1307 4251 1355 4303 Xll

237 4326 284 4394 (ll)
303 4345 326 4394 p.
348 4329 399 4381 324
416 4345 470 4396 sqq.
489 4331 548 4382 428.
569 4330 618 4382 471
638 4345 691 4397 sqq.
