3260 5058
643 492 966 560 -99-

239 673 277 734 ad
299 672 431 734 numinis
453 672 544 734 divini
567 672 726 734 essentiam
749 691 782 734 re
804 691 872 736 vera
900 672 1122 754 percipiendam
1152 672 1301 754 fidemque
1329 673 1360 736 in

240 783 334 843 Deum
358 790 387 843 et
409 781 473 862 ejus
494 781 711 862 providentiam
741 782 917 844 firmandam
939 791 1078 846 nomento
1101 783 1186 844 allert
1207 801 1300 864 quum
1323 782 1361 846 ad

241 892 272 952 id
294 891 482 972 potissimum
505 891 662 972 respiciat,
696 899 804 954 utens
833 892 1083 971 perfectissimum
1112 911 1165 954 seu
1194 892 1361 954 accuratius

241 1020 358 1062 summa
392 1019 476 1064 mens
509 1001 534 1061 si
564 1001 678 1062 exsistit
710 1001 747 1062 ad
780 1001 872 1062 animi
902 1000 980 1064 hona
1010 1001 1181 1065 homiuibus
1204 1001 1360 1064 tribuenda

240 1111 455 1189 veritatemque
476 1110 697 1190 propagandam
721 1110 935 1190 omnipotentia
958 1119 986 1172 et
1013 1111 1157 1192 sapientia
1179 1130 1232 1174 sua
1255 1129 1360 1174 omues

240 1239 288 1282 res
308 1228 396 1300 atque
416 1227 537 1281 eventus
555 1220 811 1301 praestantissime
833 1239 1009 1302 summaque
1030 1221 1226 1284 admiratione
1249 1221 1361 1301 diguis-

240 1331 313 1392 sime
335 1331 454 1392 ordinet
475 1337 563 1410 atque
581 1330 700 1391 efficiat.
737 1330 794 1392 Sed
808 1331 901 1394 lleum
924 1349 956 1392 re
978 1349 1043 1393 nera
1067 1332 1209 1394 exsistere
1232 1349 1264 1394 ea
1288 1349 1361 1394 sane

238 1441 353 1520 qualem
376 1440 432 1500 viri
463 1440 605 1502 omnibns
634 1439 750 1502 artibus
779 1439 946 1522 litterisque
968 1441 1076 1503 eruditi
1098 1441 1250 1522 postulant
1272 1441 1360 1504 certi·

234 1551 337 1612 tudine
360 1549 516 1630 probatum
541 1567 607 1610 esse
630 1569 690 1610 non
713 1549 839 1612 videtur.
884 1550 948 1612 uici
971 1551 1051 1612 enim
1073 1559 1192 1630 posset,
1222 1551 1360 1612 homiues

237 1660 262 1720 si
285 1668 390 1720 natura
414 1678 468 1719 sua
490 1659 527 1719 ad
550 1659 608 1720 hoc
630 1660 762 1739 generati
786 1668 903 1734 essent,
938 1669 971 1722 ut
999 1660 1152 1722 veritatem
1182 1659 1357 1740 intelligant,

237 1769 319 1828 hunc
345 1769 437 1828 finem
463 1768 604 1846 consequi
634 1787 798 1848 omnesque
827 1769 1015 1832 difficultates
1046 1779 1075 1832 et
1104 1769 1203 1830 omnia
1234 1769 1360 1849 impedi-

240 1884 339 1936 menta
362 1875 455 1954 magis
484 1876 515 1936 iu
545 1877 608 1937 dies
638 1897 778 1958 superare
809 1877 936 1953 debere,
971 1879 1032 1940 sive
1054 1879 1134 1940 Deus
1156 1878 1277 1940 exsistat
1299 1879 1359 1940 sive

241 2003 300 2046 non
324 1983 461 2060 exsistat,
496 2004 593 2064 neque
623 2005 677 2048 uos
707 1988 798 2048 totius
819 1989 939 2068 generis
968 1989 1090 2050 humani
1113 1989 1266 2068 usquead
1289 2007 1359 2050 con·

240 2093 467 2156 summationem
491 2093 700 2194 hujusmundi
724 2098 926 2158 conditionem
948 2097 987 2158 ita
1011 2099 1181 2178 perspicere
1203 2116 1302 2178 posse,
1326 2107 1360 2160 ut

236 2223 289 2284 pro
312 2211 395 2266 certo
418 2205 566 2266 affirmare
590 2205 756 2282 valeamus,
792 2225 947 2286 nunquam
977 2207 1114 2269 homines
1142 2208 1201 2268 nisi
1224 2208 1285 2270 lleo
1307 2209 1359 2270 ad·

231 2313 352 2394 juvante
385 2315 517 2376 veritatis
552 2317 773 2396 perceptionem
807 2317 943 2378 absolute
976 2318 1134 2398 perlectam
1169 2326 1358 2381 assecuturos

150 2454 153 2464 s
234 2442 309 2485 esse.
362 2427 425 2488 lmo
455 2427 556 2506 potius
587 2427 725 2489 dubitare
755 2447 853 2508 neque
883 2429 1027 2520 debemus
1057 2449 1155 2510 neque
1184 2449 1355 2512 possumus,

236 2533 309 2608 quin
333 2535 412 2610 quod
442 2536 478 2594 ad
501 2535 634 2612 cujusvis
663 2536 706 2596 rei
729 2555 826 2598 veram
858 2538 1037 2619 insitamque
1063 2541 1192 2620 pertinet
1220 2551 1356 2600 naturam

237 2639 329 2700 nullis
359 2641 488 2700 externis
518 2641 741 2704 conditionibus
774 2644 890 2710 irritum
919 2649 1003 2710 reddi
1032 2649 1144 2729 possit,
1180 2650 1231 2710 sed
1262 2668 1355 2730 quum

239 2755 357 2828 tempus
381 2749 511 2828 postulat
532 2769 564 2810 re
586 2769 653 2812 nera
676 2754 855 2832 perficiatur.

321 2857 454 2920 Breviter
497 2860 605 2922 deiude
649 2863 969 2946 christophorus
1013 2870 1270 2932 Friedericus
1313 2869 1356 2932 de

211 2968 389 3052 ¹Ammon
413 2969 463 3048 qui
486 2977 573 3032 natus
596 2991 675 3034 auno
699 2972 782 3038 1776
803 2978 934 3056 primum
964 2979 1128 3060 theologiae
1151 2981 1302 3061 pirolessor
1324 2980 1355 3042 in

232 3077 424 3139 universitate
446 3078 612 3142 litterarum
634 3082 810 3164 Erlangensi
837 3095 939 3166 postea
963 3087 1165 3168 Gottingensi,
1202 3097 1263 3151 tum
1285 3091 1355 3152 inde

233 3185 269 3246 ah
291 3205 369 3248 anno
394 3186 476 3250 1812
497 3191 613 3270 primus
635 3194 867 3272 regniSaxouici
887 3206 1020 3259 oratora
1042 3199 1135 3259 sacris
1157 3199 1261 3260 aulicis
1283 3218 1355 3260 cou-

234 3296 351 3376 siliique
381 3300 514 3383 supremi
544 3301 687 3363 ecclesiae
716 3305 910 3384 Evangelicae
938 3325 1059 3386 praeses
1087 3308 1213 3370 vicarius
1243 3309 1300 3370 luit
1326 3317 1355 3370 et

231 3425 310 3467 anno
334 3403 415 3468 1850
434 3408 525 3469 evita
544 3411 670 3472 excessit
689 3412 720 3474 in
740 3413 817 3474 lihro
837 3433 891 3476 suo
914 3416 1109 3478 celeberrimo
1132 3435 1192 3496 quo
1217 3417 1351 3481 doctriua

232 3534 314 3577 sacra
338 3524 481 3578 tractatur
497 3516 537 3590 ¹⁰)
561 3529 770 3598 argumentum
793 3524 996 3604 outologicum
1019 3526 1066 3588 his
1082 3527 1181 3588 verbis
1196 3529 1350 3608 proponit:

232 3625 331 3696 Quum
361 3625 446 3687 idea
477 3627 633 3690 infiniti
664 3649 722 3710 qua
751 3632 867 3694 Deum
898 3635 1084 3715 concipimus
1106 3635 1269 3701 intellectui
1293 3659 1353 3702 ca-

230 3754 369 3796 nonem
392 3737 532 3816 praeheat
554 3738 590 3800 in
619 3739 854 3818 judicandis
882 3745 989 3808 veris
1016 3755 1052 3808 et
1074 3748 1208 3824 salsis,
1244 3750 1351 3814 laisum

230 3853 328 3906 autem
363 3865 398 3907 ex
430 3865 535 3908 mero
569 3829 845 3928 phantasmate
874 3853 1004 3934 judicari
1034 3866 1063 3919 et
1094 3860 1202 3938 corrigi
1225 3856 1353 3940 nequeat

231 3955 347 4034 (Ephes
358 3956 381 4014 V
394 3954 461 4032 13.)
474 3958 623 4046 colligitur
635 3961 741 4022 merito
765 3963 919 4026 notioni
943 3965 1120 4030 absoluti
1133 3987 1209 4050 quae
1220 3977 1350 4034 mentem

229 4067 390 4128 humanam
420 4076 545 4148 occupat
574 4077 603 4130 et
631 4088 685 4150 per
714 4072 774 4134 vim
803 4075 1002 4138 conscientiae
1031 4083 1119 4156 atque
1149 4078 1238 4139 officii
1262 4079 1350 4142 etiam

298 4326 343 4390 10)
367 4326 399 4376 cl.
425 4327 551 4378 Ammon
577 4329 694 4396 Chrph.
718 4332 782 4382 Fra:
813 4333 913 4385 Summa
931 4333 1072 4398 theologiae
1090 4337 1251 4390 christianae.
1290 4341 1350 4392 (lot-

230 4405 323 4470 tiugiac
342 4411 409 4462 1803
427 4411 505 4461 editio
523 4411 556 4464 lll
576 4415 725 4480 1830301
744 4431 768 4483 p.
789 4417 846 4468 110.
878 4423 879 4426 ’

1148 4503 1181 4555 7.
