3260 5058
675 392 998 460 *pp-

272 573 375 638 coram
398 581 533 640 accurata
555 572 688 636 ordinata
705 571 808 636 ecdem
826 569 931 636 ordine
945 581 1111 647 morentur,
1136 591 1235 646 eausa,
1260 571 1391 652 inquam,

272 684 364 764 hujus
385 690 608 747 consensuacst
629 692 798 762 systema
821 683 1050 746 harmoniae
1073 681 1392 762 praestabilitae.

272 793 361 854 Istius
383 793 555 856 harmoniae
584 800 688 854 auctor
716 801 761 854 est
783 793 893 856 Deus.
940 792 1086 864 Quoniam
1117 791 1198 854 enim
1219 793 1317 854 omns
1341 791 1393 854 [ici

272 881 430 983 opem-(id
459 903 650 982 quodetiam
680 902 716 966 ad
740 903 874 966 omnium
897 902 1058 964 monadum
1082 903 1159 964 inter
1181 921 1213 964 sc
1235 902 1394 964 relationes

272 1013 413 1093 pertinet)
448 1013 616 1076 necessario
650 1012 777 1074 maxime
806 1021 878 1074 sunt
907 1013 1078 1074 harmonica
1116 1031 1152 1074 car
1173 1031 1216 1074 eo
1245 1013 1392 1092 sequntur,

272 1123 365 1186 Deum
390 1124 488 1186 statim
511 1125 645 1186 animum
668 1141 785 1186 creasse
805 1143 838 1184 ea
861 1123 986 1199 ratione,
1011 1131 1044 1184 ut
1065 1123 1131 1203 ipsc
1152 1123 1210 1185 sibi
1229 1123 1394 1203 producere

272 1241 302 1294 ct
331 1242 554 1314 repraesentare
584 1233 709 1310 debeat,
750 1233 895 1314 quidquid
926 1234 957 1296 in
987 1251 1111 1314 corpere
1142 1233 1330 1313 transigitur,
1364 1241 1395 1295 ct

272 1361 382 1423 corpus
414 1344 543 1406 vicissim
577 1363 609 1408 ea
643 1345 774 1419 ratione,
809 1353 844 1406 ut
872 1363 907 1406 cx
936 1363 969 1406 se
998 1346 1093 1406 iacere
1121 1344 1227 1406 debeat
1255 1345 1335 1424 quod
1357 1343 1394 1404 ab

271 1453 373 1514 animo
403 1454 592 1534 praecipitur.
639 1453 704 1526 Ouo
733 1455 784 1530 fit,
821 1463 853 1516 ut
874 1452 972 1534 leges,
1007 1473 1083 1533 quaa
1106 1472 1141 1516 ex
1170 1454 1302 1516 finalium
1326 1473 1394 1514 cair·

272 1581 371 1624 sarum
402 1564 507 1626 ordina
536 1573 565 1626 ct
593 1565 817 1645 perceptionum
854 1564 1021 1626 evolutione
1056 1563 1165 1626 ruentis
1199 1563 1393 1643 cogitationes

272 1674 412 1754 colligant
440 1674 569 1737 debeant
597 1693 633 1736 eo
662 1675 729 1755 ipsc
750 1675 894 1754 imagines
920 1674 1102 1754 producere,
1137 1668 1213 1753 qtrae
1234 1691 1392 1753 carporum

271 1803 325 1863 per
347 1804 455 1864 or·gaua
486 1803 630 1848 sensuum
659 1793 831 1846 nostrorum
860 1784 1014 1864 impressis
1044 1783 1249 1846 affectionibus
1271 1801 1393 1864 respun-

271 1894 360 1956 deant
389 1902 418 1958 et
446 1895 595 1968 vicissim,
631 1904 664 1956 ut
693 1895 773 1974 leges
803 1902 938 1956 motuum
966 1911 1179 1974 corporeorum.
1198 1913 1214 1954 a
1236 1911 1416 1956 causarum·

271 2003 464 2067 efficientium
494 2005 598 2068 ordine
627 2005 686 2066 sibi
708 2005 932 2068 succedentium
953 2005 1064 2066 mentis
1094 2004 1322 2084 cogitationibus
1350 2004 1394 2064 sic

271 2114 490 2193 respondeant,
524 2121 559 2176 ut
581 2133 690 2194 corpus
712 2115 816 2178 eodem
846 2123 978 2194 tempore
1000 2115 1037 2176 ad
1059 2115 1209 2194 agendum
1230 2122 1390 2187 moveatur,

184 2285 185 2289 ,
271 2243 331 2302 quo
354 2243 439 2286 mens
460 2223 523 2284 vult
544 2231 577 2284 ut
598 2231 760 2286 moveatur.
806 2223 838 2284 Si
860 2241 949 2303 porro
971 2224 1141 2302 quaeritur,
1176 2223 1325 2303 quomodo
1348 2224 1394 2284 in·

271 2332 406 2395 tellectus
435 2333 586 2394 humanus
607 2333 763 2412 cogitando
785 2333 879 2396 Deum
901 2333 997 2413 possit
1025 2333 1175 2409 invenire,
1211 2334 1393 2412 respondea-

271 2443 342 2504 dum
366 2450 420 2518 cst,
445 2443 524 2523 qnod
548 2442 699 2506 mentibus
728 2443 867 2506 humanis
896 2444 1124 2524 apperceptione
1147 2443 1207 2506 sive
1229 2443 1275 2506 sui
1298 2443 1392 2524 ipsius

270 2553 449 2616 conscientia
480 2554 623 2636 praeditis
653 2554 726 2616 ordo
755 2554 912 2645 veritatum
941 2562 1130 2618 aeternarum
1160 2574 1214 2616 seu
1246 2555 1390 2628 idearum,

269 2663 328 2725 hcc
349 2673 394 2726 cst
414 2667 620 2746 perceptiones
642 2683 703 2726 uon
726 2664 823 2728 scium
835 2664 1036 2727 multitudinis
1058 2666 1110 2726 sed
1132 2665 1280 2728 radonem
1304 2663 1392 2726 etiarn

270 2781 300 2834 et
321 2773 435 2852 legum,
470 2795 546 2854 quae
575 2777 612 2838 ad
635 2775 803 2838 universam
828 2776 934 2838 'rerum
957 2783 1093 2838 naturam
1123 2775 1318 2838 ordinandam
1340 2793 1393 2836 ue·

270 2883 416 2944 caesariae
435 2869 646 2964 ¹intelliguntur
667 2885 789 2958 insunt,
821 2904 838 2946 e
867 2885 980 2964 quibus
1006 2885 1176 2947 intellectus
1201 2886 1238 2948 ad
1262 2886 1320 2946 duc
1342 2885 1392 2946 ilia

270 2992 529 3054 ratiocinationum
559 3003 727 3056 nostrarum
763 3013 867 3073 magna
904 2995 1050 3074 principia
1086 2995 1240 3056 ascondita
1283 2995 1392 3075 prin·

270 3097 801 3182 cipium-ccntradieticnis‚
836 3123 897 3184 quo
919 3105 1074 3179 statuitur,
1109 3081 1262 3168 eduadus
1284 3125 1393 3186 prope·

270 3211 429 3274 sidonibus
460 3213 701 3278 contradictoriis
731 3215 855 3278 altemm
889 3233 955 3276 ease
984 3231 1101 3289 seran,
1136 3215 1259 3278 aiteram
1289 3216 1392 3276 salsam

270 3323 350 3384 unde
372 3323 460 3386 ctiam
483 3325 629 3406 sequitur,
653 3325 684 3387 id
707 3326 785 3406 quod
807 3325 1072 3390 contradictionem
1094 3343 1154 3386 non
1177 3324 1304 3386 involvat
1324 3343 1393 3404 pos-

270 3431 356 3496 sibile
377 3452 443 3496 esse
473 3442 503 3495 et
533 3433 781 3514 principium
815 3435 990 3498 rationis
1023 3433 1278 3496 sufficientis
1311 3434 1393 3495 siva

271 3542 598 3618 determinatius,
640 3561 700 3622 qua
732 3546 943 3621 confirmatur,
986 3543 1062 3606 nihil
1099 3563 1230 3622 unquam
1264 3543 1392 3618 evenire,

270 3650 358 3730 cujus
379 3671 438 3715 non
461 3652 501 3716 sit
521 3652 622 3731 aliqua
645 3671 733 3716 cansa
763 3654 808 3714 vei
838 3655 915 3714 ratio
946 3653 1050 3714 saitem
1081 3653 1301 3728 determinans,
1337 3653 1394 3714 hcc

270 3770 316 3824 est
337 3760 448 3841 aliquid
468 3761 551 3840 quod
574 3763 701 3824 sufficiat
722 3762 760 3824 ad
780 3762 962 3824 reddendam
985 3761 1148 3838 rationem,
1173 3779 1227 3824 cur
1248 3763 1322 3824 haec
1344 3781 1392 3824 res

270 3871 369 3951 potius
398 3871 519 3937 exsistat
546 3891 637 3951 quam
668 3887 729 3936 uon
759 3873 880 3934 exsistat
908 3880 940 3934 et
966 3873 1024 3934 hoc
1053 3872 1154 3952 potius
1184 3873 1273 3936 medo
1303 3886 1392 3952 quarn

270 3981 328 4042 alio
362 3983 489 4060 quodam
523 3981 655 4044 exsistat.
709 3982 796 4044 Hisce
829 3981 946 4043 duobus
979 3983 1134 4063 principiis
1167 3982 1307 4044 adhibitis
1339 3981 1391 4044 Dei

270 4109 390 4172 qrrcqae
419 4081 588 4154 exsistentia
619 4092 815 4156 demonstrari
846 4101 953 4173 potest.
1006 4095 1085 4155 Deus
1115 4093 1194 4154 enim
1225 4093 1307 4153 solus
1336 4093 1393 4152 hcc

271 4202 424 4282 privilegio
446 4203 566 4284 gaudet,
591 4203 671 4284 quod
694 4203 861 4266 necessario
885 4203 1006 4264 exsistat
1028 4203 1053 4264 si
1077 4201 1229 4283 possibilis
1253 4210 1308 4264 est.
1354 4201 1393 4262 Et

272 4312 523 4393 quemadmodum
551 4313 626 4376 nihii
657 4312 883 4396 possibilitatem
906 4312 971 4393 ejus
993 4312 1134 4394 impedit,
1159 4311 1239 4390 quod
1261 4311 1390 4374 limitum
